2800 3554
451 205 553 262 178
1226 187 1485 240 Dithmari
1519 190 1836 242 Chronicon.

454 314 507 357 fis
536 310 737 355 coenobii
771 306 936 363 pastor,
972 305 1253 354 consacerdos
1286 307 1383 353 suun
1419 319 1463 352 et
1499 308 1814 366 suffraganeum
1854 310 1996 357 XXX.
2025 312 2307 357 ordinationis
2344 312 2443 357 tuae
2478 327 2595 360 anno

452 382 577 424 obiit.
633 379 759 420 Nune
785 373 892 418 haec
916 374 1029 417 dicta
1055 373 1289 429 sufficiant,
1318 387 1362 419 et
1390 377 1446 420 de
1473 391 1563 434 quo
1591 378 1696 421 mihi
1721 391 1838 423 nunc
1858 378 2001 424 sermo
2031 381 2113 434 ost,
2145 383 2324 439 amplius
2351 382 2522 440 loquar.

239 526 307 562 An.
326 531 424 560 1012.
456 543 457 546 =
592 511 822 567 Redingus.
856 510 913 553 ad
947 512 1112 568 Regem
1146 513 1345 564 veniens,
1381 511 1646 569 legationem
1679 513 1797 556 suam
1833 515 2077 572 suppliciter
2106 518 2294 573 proten,
2333 529 2377 560 et
2413 520 2603 576 qumvic

282 570 324 604 Α·
344 567 380 604 S·
459 581 618 630 ardue,
651 590 798 623 tamen
833 579 1067 622 desiderata
1103 582 1360 635 impetrans,
1396 593 1475 635 per
1508 584 1817 625 internuntium
1861 585 2178 627 Uualclaerdum
2193 613 2210 634 ,
2251 588 2298 629 in
2326 590 2513 644 exequiis
2543 587 2605 629 dt-

452 653 556 695 tecti
582 651 769 691 senioris
804 647 1062 698 studiosum,
1100 650 1229 689 etiam
1255 649 1353 690 XX.
1379 648 1544 691 talenta
1578 655 1742 706 argenti
1777 651 2008 693 nicae-ico
2030 656 2313 710 nepotimeo
2340 655 2387 695 in
2415 653 2606 697 clemon-

455 731 560 764 nam
587 726 765 771 excepto
793 718 906 756 victu
933 715 1209 772 largientem,
1242 726 1388 763 vocat,-
1417 726 1461 758 et
1488 730 1571 772 ego
1599 715 1725 760 iuss'us
1752 722 1898 761 venire
1924 721 2222 775 proficiscebar
2250 733 2348 762 cum
2376 736 2457 770 eo,
2486 737 2537 765 ac
2561 725 2608 766 in

457 786 636 830 tabbato
669 783 872 826 oronam
899 784 965 836 2¹)
993 782 1088 825 sero
1117 787 1320 826 venimus.
1377 784 1483 824 Mox
1509 787 1555 825 in
1580 785 1860 840 praesentiam
1882 789 2010 843 Regis
2039 791 2255 830 venientes
2284 787 2609 832 misericorditer

458 853 809 910 suscipiebamur,
841 862 883 893 et
911 866 1047 907 pauca
1075 851 1242 893 l'ocutus
1272 852 1362 892 Rex
1389 864 1468 892 nos
1499 851 1555 891 ad
1581 851 1814 908 hospitium
1842 858 1905 895 ire
1930 854 2128 909 permisit.
2196 852 2340 896 Castra
2366 859 2515 897 metati
2539 858 2604 911 22)

459 927 574 965 enim
602 933 702 962 tunc
730 919 870 961 sumus
901 929 1015 961 extra
1043 919 1196 960 urbem
1225 930 1267 961 et
1296 921 1410 959 iuxta
1437 917 1603 970 lucum,
1633 921 1704 961 ubi
1736 923 1873 964 modo
1901 922 2031 963 sancti
2058 920 2118 964 est
2145 920 2318 963 ecclelia
2338 922 2609 965 Alexandri.

455 988 653 1031 Crastino
681 987 763 1028 fuit
791 987 1007 1028 dominica
1035 986 1123 1027 dies
1154 996 1197 1027 et
1223 984 1421 1028 festivitas
1453 986 1603 1029 Christi
1638 992 1830 1045 martyris
1860 991 1970 1038 Viti,
2008 999 2051 1029 et
2088 1003 2170 1044 ego
2208 989 2333 1029 valde
2361 1003 2489 1035 mane
2515 993 2613 1034 mia-

457 1057 545 1100 sam
573 1054 854 1097 confratribus
882 1058 987 1096 meis
1017 1055 1207 1099 cantavi,
1245 1064 1288 1094 et
1312 1053 1408 1109 post
1435 1054 1546 1096 hanc
1573 1057 1618 1096 in
1644 1055 1796 1098 urbem
1822 1058 1962 1097 vocati
1991 1057 2141 1097 ivimus
2180 1069 2316 1110 usque
2346 1057 2401 1097 ad
2431 1061 2612 1101 camina-

458 1136 550 1166 tam
577 1124 731 1177 Regis,
771 1133 814 1165 et
849 1123 911 1163 ibi
944 1122 1055 1162 solus
1092 1123 1388 1162 intromittitur
1413 1121 1724 1170 Uualtherdus,
1769 1134 1812 1165 et
1839 1123 1899 1164 ibi
1926 1135 2061 1177 usque
2090 1122 2146 1162 ad
2174 1126 2344 1163 tertiam
2371 1122 2451 1166 soli
2478 1125 2611 1166 collo·

459 1191 722 1248 quebantur,
763 1200 807 1230 et
845 1187 1025 1245 egress'us
1056 1198 1158 1228 tunc
1185 1186 1472 1229 Uualtherdus
1502 1189 1707 1230 annulum
1734 1199 1880 1244 portat
1906 1193 1952 1230 in
1980 1202 2111 1229 manu
2137 1187 2235 1238 sua,
2280 1189 2505 1234 ostendens
2532 1206 2611 1235 no·

458 1260 546 1301 bis:
575 1273 676 1299 ecce
702 1257 876 1298 habetis
903 1259 1050 1311 inquit
1071 1259 1236 1311 pignus
1246 1255 1564 1308 fich-secuturae
1586 1258 1801 1309 pietatis!
1828 1258 1895 1310 23)
1949 1257 2003 1297 Et
2028 1266 2130 1296 tunc
2157 1268 2306 1296 omnes
2326 1270 2408 1298 nos
2433 1261 2478 1300 in
2494 1256 2616 1314 prae-

461 1327 639 1370 sentiam
674 1326 915 1373 venientes,
956 1324 1272 1364 examinatione
1298 1323 1449 1377 Regis,
1487 1323 1578 1377 ipso
1613 1326 1806 1379 primitus
1844 1338 1943 1365 eum
1976 1322 2203 1373 laudante,
2238 1324 2505 1378 praedictum
2541 1339 2616 1381 pa-

460 1389 571 1436 trem
600 1392 827 1446 elegimus,
869 1400 912 1430 et
942 1393 1093 1446 optimi
1121 1393 1282 1446 quique
1311 1389 1572 1444 aspirabant,
1611 1398 1654 1432 ‘et
1681 1404 1783 1432 mox
1810 1405 1835 1431 a
1861 1392 1981 1446 Rege
2011 1394 2174 1446 accepit
2202 1390 2401 1431 baculum
2429 1388 2616 1445 pastora-

460 1463 560 1504 lem.
615 1458 715 1500 Post
743 1458 1051 1499 sacramentum
1082 1460 1226 1513 regiae
1254 1456 1454 1511 potestati
1482 1457 1715 1501 exhibitum
1742 1459 2009 1500 introductus
2040 1456 2099 1499 est
2128 1458 2183 1499 ad
2211 1457 2454 1507 ecclefiam,
2485 1475 2617 1516 quan

462 1530 523 1571 ibi
551 1542 576 1569 a
603 1529 723 1582 Rege
752 1524 1035 1567 constructam
1063 1523 1298 1568 antecess'or
1322 1524 1418 1565 suus
1448 1524 1690 1577 benedixit,
1729 1536 1772 1567 et
1805 1526 1897 1567 laus
1927 1525 2107 1566 domino
2137 1540 2161 1566 a
2189 1525 2478 1581 praesentibus
2505 1529 2618 1570 cani-

463 1608 544 1639 tur.
604 1594 778 1637 Deinde
804 1596 967 1648 regiam
1002 1591 1330 1647 interpellabam
1366 1594 1595 1647 pietatem,
1633 1604 1682 1634 ut
1714 1593 1769 1635 de
1804 1591 2003 1634 ecclesiae
2033 1588 2346 1634 'neceffitatibus
2381 1607 2506 1635 meae
2543 1593 2619 1635 ali-

463 1665 569 1721 quid
594 1664 718 1719 loqui
747 1676 844 1702 cum
874 1674 928 1702 eo
957 1659 1227 1716 dignaretur,
1257 1670 1299 1701 et
1326 1670 1374 1699 ut
1396 1674 1478 1715 ego
1500 1659 1793 1715 postulabam,
1820 1661 1967 1702 firmae
1991 1660 2143 1701 suimet
2170 1658 2378 1701 commifit
2403 1675 2474 1702 me
2501 1661 2614 1704 fidei.

471 1731 751 1774 niedricum
780 1742 957 1784 quoque
984 1737 1191 1781 nepotem
1217 1741 1386 1778 meum,
1415 1738 1463 1767 ut
1489 1728 1576 1782 ipse
1607 1727 1855 1770 defideravit
1881 1729 1997 1773 Rex,
2023 1741 2102 1782 per
2127 1737 2277 1770 manus
2304 1729 2366 1769 illi
2393 1730 2535 1781 dedit,
2572 1739 2616 1772 et

463 1813 561 1841 cum
593 1811 774 1853 generos
803 1797 870 1846 24)
902 1795 1053 1835 suimet
1080 1805 1181 1834 tunc
1209 1796 1364 1834 iterum
1394 1797 1578 1835 exercitu
1605 1806 1753 1849 petere
1780 1794 1996 1842 voluifl'et,
2027 1810 2124 1837 cum
2151 1796 2438 1851 praesentibus
2462 1796 2616 1840 suimet

461 1863 744 1921 principibus,
774 1861 957 1918 qualiter
984 1861 1226 1902 Bolizlauus
1253 1863 1306 1902 ab
1336 1862 1398 1903 his
1428 1854 1722 1915 invaderetur,
1751 1866 1955 1904 tractavit.
2011 1864 2109 1904 Hoc
2138 1875 2268 1904 omne
2295 1862 2615 1919 archiepiscopo

461 1934 632 1975 noviter
663 1929 879 1980 instituto,
918 1938 961 1969 et
997 1927 1088 1969 suas
1125 1937 1262 1970 curtes
1291 1932 1338 1973 in
1371 1931 1556 1971 Saxonia
1584 1928 1740 1984 politas
1771 1930 2099 1976 commendavit.
2169 1931 2336 1973 Eodem
2365 1931 2436 1973 die
2466 1945 2614 1976 omnen

463 1991 768 2054 declinavimus
796 1998 1089 2051 unusquisque
1117 1996 1174 2036 ad
1200 1995 1287 2042 sua.
1344 1997 1394 2039 In
1419 2000 1618 2052 proximo
1648 2008 1792 2038 autem
1818 1998 1996 2040 sabbato
2022 1997 2372 2053 archipraesulem
2393 1999 2618 2042 Uualtherb

460 2067 569 2108 'dum
595 2066 817 2120 Arnulfics
844 2067 910 2118 25)
945 2063 1114 2118 praesul
1149 2062 1258 2104 iuss'u
1285 2064 1413 2119 Regis
1443 2064 1769 2116 inthronizavit,
1810 2075 1854 2106 et
1890 2068 2060 2119 utrique
2088 2065 2256 2106 honore
2291 2080 2341 2107 ac
2367 2081 2522 2121 magna
2554 2069 2618 2108 iu·

465 2133 683 2176 canditate
719 2133 779 2173 ibi
813 2132 993 2185 suscepti
1026 2129 1133 2171 sunt.
1197 2130 1371 2171 Postera
1408 2132 1478 2172 die
1510 2141 1662 2172 unctus
1700 2130 1759 2172 est
1785 2132 2042 2172 Uualterdus
2073 2131 2126 2172 ab
2154 2132 2273 2172 Eido
2301 2131 2522 2174 Misnenfis
2550 2147 2617 2174 ec-

469 2201 618 2244 clena-e
645 2199 876 2242 venerabili
909 2201 1112 2253 episcopo
1140 2197 1221 2237 1110
1253 2212 1350 2238 cum
1380 2199 1595 2239 adiutorio
1623 2198 1774 2239 suimet
1803 2200 2063 2238 confratrum
2104 2199 2335 2251 Uuigonis‚
2372 2200 2616 2239 Hillismar-

470 2269 548 2317 di,
583 2283 632 2310 ac
664 2270 842 2313 Her-ici,
880 2276 924 2306 et
962 2279 987 2306 a
1021 2279 1093 2306 me
1131 2264 1194 2306 his
1230 2264 1414 2305 multum
1452 2267 1655 2307 inferiori.
1719 2265 1892 2305 Adiuvit
1929 2275 2071 2304 autem
2109 2279 2189 2306 nos
2217 2265 2415 2305 Arnulfus
2450 2265 2617 2319 praesul

467 2335 517 2379 11.
543 2337 651 2378 feria
679 2347 828 2379 omnes
855 2346 936 2377 nos
965 2344 1064 2373 cum
1091 2336 1266 2376 caritate
1291 2333 1434 2387 bona,
1470 2343 1514 2375 et
1546 2346 1726 2382 munere
1754 2345 1915 2388 mag-no
1953 2331 2173 2374 abivimus.
2236 2333 2392 2373 Fuerat
2418 2335 2532 2378 enim
2558 2335 2618 2374 vi-

2511 2400 2616 2457 gilia

509 2587 778 2638 21)Gronam.
835 2586 983 2627 Grona,
1020 2587 1194 2630 Gruona,
1227 2588 1449 2628 Gruonaha,
1485 2588 1668 2627 Gronau,
1698 2585 1886 2623 castellum
1914 2596 1950 2624 et
1981 2585 2163 2635 palatium
2189 2583 2325 2631 regium
2348 2584 2615 2634 imperatorum

597 2645 770 2682 saxonie.
794 2644 832 2680 iu
856 2656 950 2692 pago
969 2645 1204 2692 Logingaha
1226 2645 1328 2681 haud
1350 2643 1481 2695 procul
1505 2657 1526 2679 a
1546 2645 1694 2680 civitate
1713 2644 1932 2690 Goettinga,
1957 2655 2075 2692 prope
2093 2641 2179 2678 ssuv.
2193 2642 2359 2678 Leinam.
2407 2641 2452 2677 cf.
2474 2642 2615 2681 Cliton.

601 2702 780 2740 Gottwic.
804 2714 840 2750 P·
855 2702 934 2748 476.
953 2707 1030 2746 478.
1080 2703 1161 2737 Urs.

511 2775 570 2818 υ)
596 2771 737 2821 Cqfira
758 2775 904 2807 metati.
952 2771 1048 2808 Cod.
1071 2772 1181 2808 Bmx.
1206 2783 1243 2809 et
1263 2775 1359 2809 Ann.
1385 2773 1493 2810 Saxo.
1518 2774 1705 2819 hospitata·
1714 2775 1862 2822 sumus.
1915 2773 1995 2808 Urs.

508 2845 570 2892 25)
591 2849 760 2889 pietatis.
805 2842 1011 2879 Leibnitius
1033 2842 1126 2878 haec
1148 2855 1168 2879 e
1193 2843 1288 2880 Cod.
1312 2842 1376 2880 suo
1399 2842 1450 2879 fic
1473 2843 1599 2881 dedit:
1623 2845 1727 2881 Ecce
1748 2851 1886 2893 pignus
1909 2842 2098 2881 indictum
2118 2840 2282 2888 futurae
2303 2840 2528 2888 dignitatis,
2547 2843 2614 2886 pte

601 2902 700 2940 mibi·
719 2900 936 2952 promzst'ae.
980 2900 1102 2936 Pietas
1124 2912 1194 2950 pro
1219 2901 1413 2937 clementia
1435 2902 1599 2950 ponitur.
1650 2904 1730 2939 Urs.

511 2974 576 3020 24)
597 2985 778 3022 generos,
800 2972 839 3008 h.
858 2971 884 3009 l.
909 2970 1079 3020 adfines,
1106 2972 1270 3020 coniugis
1295 2972 1434 3009 fratrea.
1485 2976 1566 3011 Urs.

507 3045 568 3091 25)
591 3043 796 3092 Arnulfus.
839 3041 1188 3086 Halbexstadiensis,
1218 3045 1538 3088 nowaennu,
1570 3052 1614 3081 ut
1642 3039 1710 3082 fibi
1744 3033 1964 3094 persuaserat
1993 3039 2282 3089 Sagittuiusrin
2305 3040 2405 3077 Antt.
2429 3038 2602 3088 Magdeb.

596 3113 634 3151 1>-
650 3102 728 3147 267.
779 3103 887 3139 Um*
