2800 3554
456 238 548 283 ωδ
1215 229 1472 280 Dithmari
1506 229 1819 286 Chronicon.

451 350 563 390 male
591 336 782 406 pugnato
811 356 1066 394 revertentes
1092 351 1218 406 regiis
1248 349 1372 393 donis
1410 350 1617 405 honorat,
1656 355 1902 410 priusquam
1928 354 1994 411 86)
2031 357 2295 403 adminiculi,
2334 358 2586 404 consolatur,

455 419 644 460 Nuncios
670 432 848 474 quoque

1173 526 1326 581 Pergit
1370 510 1540 569 *codex
1590 528 1849 581 Drasdeaefis
1863 543 1882 574 .·

452 605 784 648 Rederariorum
814 617 856 647 et
883 606 1059 657 horum,
1100 609 1174 662 qui
1200 600 1352 647 Luitici
1381 606 1601 659 dicuntur,
1641 610 1965 652 misericorditer
2000 611 2178 668 suscepit
2205 617 2267 670 ¹7)
2306 616 2598 672 hactenusque

452 673 632 716 rebelles
669 689 894 716 munerum
933 674 1158 716 dulcedine
1187 673 1884 731 promissionumqueiocunditate
1921 678 2079 720 sedavit
2116 691 2159 722 et
2193 682 2247 723 de
2274 685 2451 726 inimicis
2479 683 2600 724 fami·

454 739 686 783 liariffimos
730 742 883 786 effecit.
948 742 1046 784 Post
1089 742 1195 784 haee
1234 746 1510 798 rogationum
1549 743 1637 784 dies
1682 759 1705 785 a
1748 745 1896 787 Christi
1938 747 2132 788 fidelibus
2174 752 2329 805 iugiter
2370 750 2596 801 colendos,

454 810 703 866 Merseburg
739 811 984 862 celebrans,
1023 810 1079 850 de
1108 820 1252 866 aperta
1281 812 1504 852 Bolizlavi
1534 811 1649 852 ducis
1680 823 1722 852 et
1749 815 1949 855 Heinrici
1979 816 2235 859 marchionis
2268 818 2331 870 ¹8)
2363 815 2600 859 rebellione

455 878 696 918 intimatum
724 878 794 920 est.
857 881 1102 920 Proximum
1138 878 1404 920 Pentecostes
1441 876 1593 919 festum
1628 881 1673 920 in
1702 881 1956 922 Haluerstidi
1989 897 2012 923 a
2038 885 2159 939 Rege
2188 883 2436 924 celebratur.
2502 882 2603 938 Post

458 944 515 984 ad
534 945 786 986 Bauuariam
810 947 1014 997 tendens,
1048 947 1292 988 Heinricum
1324 946 1479 987 auxillo
1501 946 1707 987 Bolizlaui
1734 947 2014 1002 resistentem,
2043 954 2184 1006 primo
2213 951 2458 1001 devincere,
2491 949 2604 1005 post-

458 1024 596 1066 eaque
630 1012 783 1067 politas
825 1029 849 1055 a
884 1015 1015 1070 longe
1052 1012 1218 1054 infidias
1259 1028 1458 1054 amovere
1495 1024 1686 1054 conatur.
1755 1017 1976 1071 Comperit
2005 1021 2133 1058 etiam
2165 1017 2220 1058 ad
2247 1017 2332 1058 hoc
2363 1019 2441 1070 ι9),
2483 1015 2605 1072 quod

455 1078 650 1121 Ernastus
681 1080 733 1121 ab
763 1096 817 1122 eo
845 1097 982 1136 nuper
1011 1082 1268 1132 honoratus,
1300 1091 1343 1120 et
1372 1081 1569 1121 dominus
1597 1081 1764 1132 Bruno,
1804 1083 1934 1123 frater
1961 1082 2082 1131 suus,
2121 1098 2217 1124 cum
2245 1098 2297 1124 eo
2323 1082 2474 1125 iniuste
2502 1097 2606 1125 con-

455 1144 736 1198 spiraverant,
774 1151 1018 1205 ignorantes
1049 1149 1171 1205 quod
1196 1148 1395 1201 scriptum
1423 1145 1481 1186 est
1511 1155 1605 1200 20):
1651 1149 1806 1190 Virtus
1845 1150 2014 1198 consilii
2049 1165 2205 1205 expers
2241 1151 2359 1192 mole
2393 1151 2602 1204 ruicsua.

455 1214 547 1254 Rex
577 1226 720 1256 autem
750 1215 806 1257 ob
844 1216 1075 1259 sedandam
1110 1215 1267 1256 horum·
1306 1216 1594 1268 arrogantiam
1632 1216 1858 1256 familiares
1899 1216 1995 1257 suos
2030 1219 2220 1273 undique
2255 1217 2370 1258 secus
2399 1217 2602 1274 colligens

456 1283 640 1324 intrante
675 1283 959 1339 Augustam)
999 1286 1117 1326 bona
1153 1282 1334 1338 praefati
1375 1284 1540 1322 comitis
1581 1283 1826 1324 invadendo
1867 1282 2061 1335 vastavit,
2110 1298 2320 1339 eumque,
2362 1284 2607 1340 ubicunque

456 1360 571 1390 extra
609 1350 760 1392 urbem
797 1357 959 1407 potuit,
1003 1353 1180 1392 invitum
1219 1351 1385 1391 latitare
1425 1350 1644 1405 compulit.
1712 1351 1841 1390 Dicat
1880 1351 2054 1406 aliquis,
2090 1367 2182 1396 non
2211 1355 2411 1408 ignorans
2441 1352 2616 1394 causam.

457 1428 602 1459 tantae
629 1420 975 1474 praesumtionis,
1003 1418 1234 1461 neceffario
1262 1432 1360 1458 eum
1388 1417 1473 1457 hoc
1499 1416 1663 1467 feciss'e,
1702 1417 2014 1459 sublimioribus
2043 1434 2135 1461 non
2163 1433 2402 1474 congruere
2427 1417 2611 1473 potesta-

458 1485 598 1536 tibus,
639 1498 725 1527 tam
754 1487 929 1529 firmiter
953 1485 1152 1543 promissa
1181 1488 1381 1539 cuiquam
1409 1484 1592 1524 fideliter
1619 1484 1812 1526 servienti
1847 1485 2114 1536 subtrahere,
2154 1487 2514 1541 devotionemque
2544 1499 2612 1527 ce-

458 1561 651 1595 terorum
679 1555 932 1598 abalienare.
992 1554 1157 1609 Quibus
1193 1557 1415 1608 reciproco
1446 1555 1533 1607 22):
1577 1565 1669 1594 non
1707 1553 1840 1592 ullam
1875 1555 1921 1594 in
1956 1551 2041 1594 hoc
2067 1553 2211 1595 seculo
2241 1551 2323 1594 esse
2351 1553 2610 1596 dominatio-

457 1632 585 1668 nem,
621 1621 697 1662 nifi
727 1637 751 1663 a
776 1624 899 1673 Deo,
939 1631 982 1662 et
1010 1624 1083 1676 qui
1110 1621 1153 1661 se
1181 1632 1331 1662 contra
1367 1636 1462 1662 eam
1500 1622 1657 1675 erigat,
1699 1620 1866 1661 divinae
1903 1619 2130 1663 maiestatis
2166 1620 2373 1662 offensam
2399 1623 2611 1668 incurrat:

458 1685 723 1730 subitaneam
751 1693 923 1746 iniquae
951 1692 1102 1731 mentis
1131 1688 1398 1730 inflationem
1425 1680 1656 1744 patientiae
1685 1687 1978 1744 gubernaculo
2017 1689 2174 1730 debere
2211 1687 2396 1738 retrahi,
2435 1697 2478 1728 et
2512 1700 2613 1727 cum

460 1751 612 1794 humili
639 1756 947 1813 supplicatione
977 1758 1317 1799 consolationem
1347 1766 1566 1809 expectare
1595 1753 1670 1794 fibi
1700 1758 1903 1804 veraciter
1929 1755 2224 1808 profuturam:
2263 1755 2475 1810 satiusque
2503 1753 2616 1794 arbi-

459 1832 552 1863 tror
580 1823 688 1872 effe,
726 1826 847 1867 altius
877 1827 932 1866 de
961 1826 1030 1866 die
1058 1829 1104 1866 in
1133 1826 1250 1864 diem
1277 1822 1524 1872 ascendere,
1565 1836 1693 1877 quam
1722 1824 1891 1862 ruinam
1918 1822 2282 1876 inexuperabilem
2306 1822 2445 1864 lubito
2474 1823 2612 1863 incur-

459 1905 566 1932 rere.
622 1891 824 1934 Libenter
857 1904 1062 1947 nepotem
1101 1907 1244 1933 meum
1282 1890 1423 1944 aliqua
1462 1903 1513 1929 ex
1550 1901 1670 1944 parte
1710 1889 2011 1939 defenderem,
2051 1888 2083 1929 fi
2110 1891 2352 1940 veritatem,
2391 1903 2416 1930 a
2451 1889 2611 1929 cunctis

457 1958 654 2001 fidelibus
694 1960 1030 2012 honorandam,v
1058 1960 1255 2016 polluere
1283 1959 1347 2010 23)
1381 1956 1597 1999 auderem.
1659 1957 1910 2012 Approbata
1945 1956 2039 1996 sunt
2073 1959 2119 1998 in
2154 1958 2297 1999 multis
2336 1959 2612 2012 antiquorum

460 2027 710 2081 proverbia:
739 2032 1003 2071 Inveteraca
1025 2030 1185 2083 populi
1200 2030 1425 2081 facinora
1449 2041 1614 2081 parere
1640 2041 1767 2066 nova
1793 2025 1905 2066 mali
1925 2024 2116 2078 pudoris
2142 2025 2425 2065 detrimenta.
2481 2023 2612 2062 Nam·

461 2108 547 2149 que
574 2098 685 2150 patri
710 2100 820 2151 regis
848 2100 1032 2152 genitor·
1051 2095 1164 2135 istius
1192 2109 1284 2136 non
1311 2105 1359 2134 ut
1386 2093 1528 2143 miles,
1567 2092 1642 2133 sed
1676 2103 1724 2132 ut
1760 2095 1954 2150 inimicus
1990 2092 2114 2146 saepe
2148 2090 2319 2139 refistit,
2357 2091 2611 2143 Imperator·

460 2175 546 2215 que
573 2165 633 2217 24)
661 2174 855 2218 partem,
885 2175 934 2206 ut
959 2163 1046 2220 ipse
1074 2161 1245 2204 testatus
1276 2161 1364 2209 est,
1397 2160 1455 2204 ob
1485 2160 1780 2203 confirmatam
1807 2159 2075 2204 sacramentis
2105 2160 2285 2214 gratiam
2313 2156 2528 2261 adiuvit}nl
2547 2154 2611 2194 Si·

703 2239 708 2246 .
2500 2223 2508 2233 '
2530 2223 2610 2260 iter

508 2353 569 2398 16)
591 2359 816 2402 priusquam
840 2356 1102 2392 adminiculis.
1148 2355 1245 2391 Ann.
1269 2352 1365 2388 Saxo
1389 2354 1638 2397 paternisque
1663 2348 1924 2386 adminiculis.
1974 2349 2017 2386 V
2011 2360 2058 2384 rs.

508 2426 563 2469 ¹7)
588 2426 887 2470 misericorditer
895 2429 1082 2475 suscepit.
1138 2427 1192 2461 Ex
1222 2425 1280 2461 his
1311 2422 1515 2459 luculenter
1539 2429 1708 2470 apparet,
1743 2421 1834 2456 haee
1857 2433 1936 2456 non
1958 2417 2198 2464 Merseburgi.
2233 2411 2295 2452 sed
2319 2411 2610 2460 Quedlinburgi,

575 2486 898 2539 ¹3¹·1190‚nimirum
921 2484 1092 2535 sequente
1119 2493 1213 2527 1003.
1240 2479 1406 2520 evenisse.
1469 2481 1549 2515 Vrs-

509 2542 759 2603 18)]ζεητίὲὶ
778 2556 1034 2591 Marcln’onis.
1080 2554 1126 2592 sc.
1158 2556 1351 2602 Bavariae,
1383 2552 1446 2601 qui
1479 2549 1586 2595 vulgo
1617 2558 1771 2584 vocatur
1800 2544 2094 2592 Suinfurtensu,
2130 2555 2151 2578 a
2180 2539 2391 2579 suinfurte,
2426 2537 2610 2586 gentilitio

576 2600 752 2662 Vappido.
801 2614 928 2649 Genus
956 2603 1064 2647 traxit
1096 2602 1115 2647 e
1143 2610 1367 2660 nobilissima
1396 2606 1506 2655 stirpe
1528 2605 1700 2639 francica
1730 2601 1892 2639 veterum
1918 2603 2109 2639 Comitum
2130 2594 2463 2659 Bambergenfium.¹
2505 2596 2613 2630 Prae-

597 2660 714 2713 fectus
734 2657 810 2707 'Fuit
832 2669 960 2706 limitis
976 2669 1150 2713 *Bavarici
1175 2666 1294 2704 versus
1318 2664 1536 2702 Bobemiam
1551 2688 1560 2701 ,
1598 2674 1690 2710 quae
1714 2656 2098 2709 marcap'ostmodum
2124 2652 2408 2702 Volzburgenfis
2426 2650 2614 2703 appellata

582 2714 679 2762 fuir.
719 2712 774 2764 ¹ch
797 2727 939 2764 Eccard
960 2728 999 2763 in
1022 2726 1137 2762 Praei.
1165 2725 1212 2760 a'd
1238 2723 1390 2761 Geneal.
1413 2719 1625 2771 principum
1649 2719 1729 2753 Sax.
1754 2719 1784 2763 S.
1803 2725 1857 2759 23.
1910 2718 1990 2752 Urs.

513 2797 572 2844 19)
597 2797 650 2833 ad
673 2799 754 2835 lzoc.
803 2798 899 2835 cod.
923 2790 1033 2836 Brux.
1059 2807 1095 2833 et
1117 2798 1212 2832 Ann.
1238 2796 1333 2830 Saxo
1358 2792 1523 2829 addunt:
1551 2791 1675 2825 altam
1698 2786 2208 2834 praesumtionem,scilicet
2231 2781 2348 2830 quod·
2384 2795 2388 2800 ’

516 2868 581 2913 20)
592 2871 784 2918 scriptum
808 2869 874 2917 eft.
921 2869 966 2905 sc.
993 2882 1050 2919 ap.
1074 2868 1272 2904 Horatium
1298 2864 1373 2902 Od.
1392 2865 1462 2903 111,
1485 2867 1520 2907 4.
1544 2861 1599 2904 65.
1648 2860 1728 2894 Urs.

514 2941 576 2986 21)
600 2945 772 2977 intrante
793 2939 967 2988 Augusto
992 2939 1038 2976 sc.
1062 2937 1194 2975 mense.
1241 2938 1301 2973 Sic
1325 2936 1436 2972 etiam
1458 2935 1555 2969 Ann-
1579 2932 1695 2972 Saxo.
1720 2939 1756 2966 et
1778 2927 2005 2965 Adelboldus
2030 2941 2067 2976 p.
2086 2934 2164 2970 802.
2215 2925 2295 2961 Urs.

513 3012 573 3058 22)
599 2999 827 3058 recipit-ecel?
851 3002 948 3048 Co‘d.
973 3013 1085 3048 Brux.'
1107 3001 1326 3059 refitbfrideo.
1644 3002 1646 3005 ’

515 3083 576 3128 23)
594 3067 782 3127 'pollueri
810 3072 925 3121 seed.
949 3084 1014 3120 Bt.-
1032 3085 1195 3117 veritati
1208 3070 1488 3116 affueram)
1513 3096 1517 3100 -
1611 3098 1616 3102 -

516 3155 580 3199 24)
603 3155 901 3202 Impar-aterque.
946 3166 1046 3195 nou,
1070 3162 1112 3188 ut
1131 3150 1317 3191 editiones
1340 3149 1497 3190 habent.
1522 3147 1784 3193 Imperatoris.
1834 3142 1911 3179 Um
