2800 3554
449 375 542 435 ¹74
1213 364 1470 415 Dithmari
1504 364 1818 417 Chronicon.

573 484 780 530 Tractatis
808 487 910 530 tune
935 487 1098 543 patriae
1122 483 1356 527 laborantis
1383 484 1692 528 necestitatibus
1719 486 1937 541 plurimis,
1991 485 2083 530 Rex
2113 487 2266 532 iteruin·
2296 489 2583 536 occidental&

443 552 579 596 invifit
604 557 825 611 regiones,
867 567 910 597 et
936 556 1184 612 fluctivagos
1213 553 1502 596 habitatorum
1539 557 1703 596 animos
1736 554 1966 605 sapientiae
2000 556 2124 598 freno
2160 557 2390 610 edomans,
2427 554 2585 602 Natali

225 618 294 653 An·
316 628 411 658 ¹⁰12·
443 623 625 665 Domini
649 622 795 665 feffiva
821 623 1156 674 iucunditaifln
1181 620 1334 662 Palithi
1363 621 1601 662 celebravit.
1655 622 1779 662 Tune
1806 625 1960 663 iterum
1986 622 2062 665 fibi
2092 638 2310 680 percaram
2336 626 2585 681 Mersa-burg

268 666 309 699 A'
327 664 362 699 δ’
441 688 600 737 invisit,
637 701 681 731 et
710 690 874 732 firmata
900 692 961 732 ibi
987 691 1043 731 ad
1074 692 1118 732 V.
1150 703 1283 731 annos
1311 699 1461 730 mutua
1488 703 1617 744 pace,
1655 704 1752 730 cum
1781 689 1956 732 confilio
1985 706 2221 747 paucorum
2247 693 2399 734 urbem
2426 694 2588 734 Luibu-

421 759 564 811 sicam
591 759 657 811 98)
690 758 847 799 dictam
877 759 1098 800 aedificare
1125 768 1168 800 et
1196 756 1447 798 confirmare
1472 758 1714 813 praecepit;
1747 756 1803 797 de
1830 772 1915 813 qua
1942 759 2063 800 multi
2091 761 2337 815 praedixere
2362 770 2588 801 venturum

439 825 672 878 (malum),
711 827 833 882 quod
859 830 904 869 in
931 826 1016 869 hoc
1043 841 1183 878 anno,
1219 824 1330 881 proh
1360 825 1508 866 dolor!
1538 834 1801 880 agnoscunt,
1838 840 1930 868 non
1961 826 2043 869 ess'e
2070 829 2235 874 salsum}
2293 828 2362 869 Ad
2386 826 2496 868 hanc
2516 836 2590 867 ve·

437 895 577 936 nimus
605 897 651 935 in
677 894 762 947 fine
787 893 937 936 meniis
966 894 1149 936 Ianuarii
1177 904 1219 934 et
1246 893 1406 935 ibidem
1434 891 1600 933 sanctae
1628 893 1714 932 Dei
1741 895 1952 947 genitricis
1982 895 2323 950 purificationem
2351 895 2589 936 veneratio-

438 973 496 1003 ne
522 959 628 1001 iusta
653 971 925 1018 peragentes,
954 965 1000 1005 in
1025 962 1155 1003 XIIII.
1182 962 1330 1003 diebus
1360 976 1465 1016 opus
1494 958 1737 1014 impositum
1770 962 2100 1016 complevimus,
2129 973 2171 1004 et
2198 961 2408 1018 praesidio
2438 960 2594 1017 urbm

441 1023 681 1070 mimientes
708 1032 1001 1071 remeavimus.
1053 1030 1173 1070 quta
1200 1028 1310 1070 hanc
1338 1032 1382 1070 in
1410 1039 1530 1083 parte
1559 1029 1798 1084 aquilonari
1826 1027 1906 1068 stat
1934 1032 2103 1077 civitas,
2147 1045 2278 1085 quam
2315 1043 2340 1069 a
2377 1029 2598 1084 praedict·

359 1116 384 1124 ·-
443 1095 506 1138 nil
532 1093 609 1137 nist
635 1109 721 1137 una
748 1097 865 1138 vallis
893 1097 1041 1139 dividit
1048 1112 1066 1144 ;
1102 1107 1146 1137 et
1171 1099 1217 1138 in
1244 1096 1324 1136 hac
1351 1096 1444 1136 XII.
1474 1107 1625 1150 portae
1653 1096 1758 1136 sunt.
1824 1096 1948 1137 Hanc
1979 1111 2076 1137 cum
2105 1096 2332 1152 diligenter
2357 1094 2594 1143 lustrarem.

448 1176 555 1216 opus
584 1163 680 1203 Iulii
708 1162 892 1205 Caesaris
930 1175 973 1205 et
1000 1178 1202 1219 magnam
1235 1165 1534 1204 Romanorum
1571 1161 1845 1212 structuram,
1882 1163 2056 1204 Lucano
2083 1168 2152 1209 99]
2189 1165 2475 1214 admonente,
2512 1174 2595 1204 tra·

447 1232 567 1270 ctavi.
631 1231 749 1271 Haec
787 1231 881 1285 plus
921 1245 1052 1286 quam
1089 1233 1144 1274 X.
1183 1232 1317 1282 millia
1353 1230 1577 1271 hominum
1616 1243 1770 1283 capere
1796 1228 2009 1282 potuisset.
2075 1230 2222 1271 Minor
2258 1241 2398 1271 autem
2408 1259 2424 1281 ‚
2464 1242 2596 1286 quam

447 1306 551 1338 tunc
577 1298 853 1352 perfecimus,
885 1298 938 1338 ab
968 1300 1169 1340 Heinrico
1189 1299 1217 1339 Ι.
1245 1312 1347 1354 rege
1375 1311 1511 1352 usque
1541 1295 1598 1335 ad
1626 1295 1710 1336 hoc
1737 1306 1903 1349 tempus
1933 1309 2066 1337 vacua
2093 1307 2207 1344 erat,
2237 1308 2280 1338 et
2304 1311 2436 1353 quam
2461 1297 2594 1340 flebili

446 1363 614 1415 miseria
639 1363 746 1406 haec
772 1367 857 1406 cito
888 1368 1114 1414 corruerit,
1145 1368 1430 1412 enumeratis,
1456 1377 1568 1419 quae
1592 1365 1705 1405 inter
1732 1361 1838 1404 haec
1867 1363 2133 1415 acciderant,
2162 1364 2398 1420 explicabo.

419 1486 456 1497 κ
579 1499 631 1542 In
658 1503 802 1556 priore
830 1498 989 1542 aestate
1021 1499 1109 1541 1111.
1135 1500 1233 1542 Idus
1261 1498 1461 1556 Augusti,
1498 1494 1876 1555 monasteriumjn
1911 1497 2149 1540 wallibizi
2172 1512 2270 1540 cum
2296 1498 2384 1540 1111.
2414 1495 2606 1539 eccleffls-

449 1577 494 1609 et
529 1572 742 1624 campanis
779 1569 1000 1618 omnibus,
1050 1582 1147 1608 cum
1191 1567 1390 1609 aedificiis
1436 1564 1797 1620 appertinentibus
1839 1576 2016 1620 propter
2047 1577 2223 1620 peccata
2261 1581 2359 1608 mea
2393 1563 2596 1606 incendio

224 1637 296 1673 An.
315 1648 412 1675 που.
447 1639 588 1691 periit.
643 1638 818 1677 Peracta
856 1637 902 1676 in
938 1637 1105 1676 civitate
1129 1634 1481 1688 Banenbergenli
1516 1631 1687 1674 ecclesia
1715 1634 1908 1683 maiore,
1949 1646 2046 1672 cum
2080 1633 2300 1675 natalicius
2337 1635 2466 1689 Regis
2504 1631 2596 1672 dies

270 1683 369 1741 ⁶⁸25·
450 1701 576 1754 effet,
604 1695 648 1744 et
675 1706 855 1745 XXXV.
884 1706 971 1743 iarn
999 1706 1204 1758 inciperet
1230 1716 1364 1743 annus
1393 1701 1504 1753 ¹00),
1534 1701 1583 1742 11.
1608 1703 1722 1742 Non.
1747 1701 1854 1740 Maii
1884 1702 2020 1742 omnis
2049 1703 2252 1755 primatus
2281 1701 2338 1742 ad
2365 1699 2598 1742 dedicatio·
2637 1718 2655 1741 ς

445 1783 547 1812 nem
573 1770 687 1812 istius
717 1772 841 1813 aulae
869 1771 1031 1811 ibidem
1059 1779 1364 1826 congregatur,
1403 1779 1446 1809 et
1481 1766 1630 1822 sponsa
1667 1766 1772 1808 haec
1801 1766 1952 1808 Christi
1980 1780 2059 1821 per
2092 1781 2242 1808 manus
2269 1768 2488 1809 Iohannis
2521 1776 2598 1820 pa·

444 1838 652 1879 triarchae
681 1839 736 1879 de
763 1839 958 1895 Aquileia
1001 1847 1044 1878 et
1080 1837 1263 1877 aliorum
1296 1836 1390 1891 plus
1427 1828 1558 1890 quam
1583 1835 1724 1875 XXX.
1757 1836 2059 1888 episcoporum
2095 1835 2350 1887 (ministerio
2380 1831 2595 1876 consecra·

443 1907 543 1958 tur.)
570 1907 611 1959 ι)
668 1907 741 1948 His
771 1922 855 1963 ego
882 1915 1084 1962 peccator
1112 1905 1310 1954 interfui,
1352 1913 1395 1943 et
1422 1913 1470 1942 ut
1498 1902 1663 1942 summo
1693 1901 1835 1942 decuit
1863 1902 1996 1956 Regi,
2032 1903 2078 1943 in
2106 1903 2303 1945 omnibus
2332 1903 2444 1944 hanc
2472 1913 2597 1942 orna·

445 1982 535 2014 tam
568 1975 666 2035 vidi.
727 1974 827 2017 Post
855 1974 961 2016 haec
988 1973 1172 2030 synodus
1202 1971 1271 2012 hic
1298 1971 1345 2012 fit
1372 1984 1554 2028 magna,
1591 1973 1638 2013 in
1675 1983 1761 2025 qua
1792 1968 2089 2011 Gevelaardus
2112 1968 2427 2015 Ratisbonenfis
2462 1967 2596 2074 ecge-

2542 2044 2594 2074 ae

486 2203 548 2248 98)
570 2200 804 2248 Euibufiam.
857 2199 1017 2248 Margini
1043 2198 1138 2236 Cod.
1163 2197 1298 2236 Dresd.
1322 2197 1503 2234 recentior
1523 2207 1655 2233 manus
1679 2195 1868 2247 adscripsit
1891 2193 2068 2242 Lebufia.
2120 2195 2218 2231 Anu.
2248 2193 2344 2230 Saxo
2373 2183 2585 2229 Linthuma.

512 2289 514 2291 .
577 2258 677 2293 Infra
702 2259 746 2294 de
769 2257 832 2293 illa
854 2256 968 2306 plura
985 2258 1167 2292 dabimus.
1219 2258 1298 2293 Urs.

488 2331 549 2376 99)
574 2329 732 2365 Lucano
757 2329 1000 2364 admonente.
1049 2328 1153 2374 Quid
1184 2327 1276 2363 haec
1305 2325 1372 2362 sibi
1406 2326 1542 2367 velint,
1581 2324 1755 2373 equidem
1787 2337 1871 2361 eum
1901 2321 2131 2371 ignariffinfi·
2162 2320 2249 2358 scio.
2304 2319 2382 2367 Qui
2402 2321 2595 2356 Lucanum
2654 2353 2660 2359 ,

571 2398 658 2422 eam
682 2387 731 2422 ob
756 2386 898 2431 causam
921 2385 1115 2428 evolverit,
1142 2385 1266 2421 oleum
1290 2394 1330 2420 et
1349 2396 1497 2432 operam
1521 2382 1662 2433 perdet.
1711 2384 1793 2419 Urs.

493 2457 575 2503 ιοο)
595 2458 747 2493 XXXV.
774 2463 854 2492 iam
879 2461 1063 2502 inciperet
1087 2469 1222 2492 annus.
1268 2455 1475 2490 Leibnitius
1501 2455 1540 2490 in
1563 2452 1658 2489 Cod.
1678 2453 1787 2488 Antv.
1811 2450 1945 2499 reperit
1967 2447 2173 2496 vigefimrts
2197 2453 2351 2495 quimus
2374 2458 2510 2487 annua,
2534 2444 2597 2482 fed

582 2513 704 2549 minus
728 2525 824 2550 recte
847 2526 883 2551 et
907 2524 1085 2550 accurate.
1141 2515 1222 2549 Iure
1251 2514 1456 2561 meritoque
1479 2512 1614 2561 primas
1641 2511 1770 2545 damus
1797 2509 1930 2545 Codici
1954 2506 2088 2542 Dresd.
2120 2515 2155 2540 et
2176 2507 2271 2540 Ann.
2297 2504 2434 2540 Saxoni
2458 2517 2493 2553 p.
2514 2511 2593 2550 4¹9·

583 2570 777 2607 Consentit
801 2571 1005 2608 Gobelinus
1036 2569 1196 2606 Persona
1227 2583 1284 2619 ap.
1314 2569 1561 2605 Meibomium
1590 2569 1636 2603 T.
1655 2568 1683 2602 1.
1712 2573 1843 2615 p-258.
1874 2578 1974 2600 anno
2000 2575 2097 2599 ποια.
2128 2562 2248 2610 pridie
2279 2560 2381 2596 Non.
2409 2561 2503 2596 Maii
2537 2560 2596 2596 dio

582 2625 698 2664 natali
722 2629 832 2676 Regis
855 2627 1006 2662 Henrici
1041 2639 1140 2662 anno
1171 2627 1272 2675 regni
1303 2625 1355 2662 sui
1385 2625 1433 2660 X.
1466 2624 1636 2660 dedicata
1667 2620 1719 2658 est
1749 2620 1897 2658 ecclelia
1924 2617 2239 2665 Bavenbergenfis.
2297 2618 2391 2666 Ergo
2414 2618 2595 2653 Henricus

581 2698 685 2727 non,
708 2697 750 2730 ut
772 2688 910 2726 Lucae.
935 2685 1172 2724 Huebnerus,
1205 2693 1241 2718 et
1264 2683 1334 2719 alii
1363 2691 1498 2731 putant
1522 2695 1580 2718 an.
1602 2682 1682 2728 969.
1705 2678 1763 2715 vel
1779 2689 1858 2725 972.
1885 2676 1946 2712 sed
1969 2689 2068 2711 anno
2095 2675 2241 2710 demum
2261 2682 2339 2722 987.
2365 2674 2424 2710 die
2447 2675 2482 2716 6,
2503 2674 2598 2710 Maii

581 2753 692 2780 natus
718 2742 780 2779 est.
826 2741 986 2780 Annales
1011 2741 1241 2778 Hildeehem.
1268 2754 1325 2790 ap.
1349 2739 1577 2776 Leibnitium
1599 2738 1648 2773 T.
1662 2739 1689 2772 1.
1708 2749 1749 2785 p.
1767 2747 1843 2781 275.
1870 2737 2014 2773 obitum
2037 2735 2114 2770 eius
2139 2735 2178 2768 in
2204 2734 2301 2768 diem
2329 2739 2378 2775 ¹3·
2402 2731 2485 2768 Iulii
2509 2731 2597 2767 anni

585 2807 683 2847 1024.
708 2800 905 2839 collocant.
951 2801 1076 2847 Longe
1107 2800 1231 2849 itaque
1265 2811 1286 2833 a
1319 2811 1403 2834 vero
1435 2797 1603 2832 aberrant
1625 2794 1772 2844 plurimi
1796 2792 1922 2830 histor.
1948 2793 2138 2841 scriptores
2166 2790 2391 2839 antiquiores
2417 2799 2454 2826 et
2475 2801 2598 2825 recen·

583 2858 716 2899 tiores,
750 2858 813 2907 qui
839 2856 966 2892 aetatis
992 2858 1069 2893 eius
1095 2855 1236 2892 cursum
1258 2857 1332 2892 Lu.
1358 2865 1467 2902 atque
1492 2848 1585 2889 adeo
1610 2865 1694 2889 cum
1716 2852 1907 2886 Reusuero
1932 2851 1972 2884 in
1997 2851 2070 2898 Op.
2099 2847 2252 2884 Geneal.
2276 2861 2312 2896 p.
2334 2847 2409 2888 268.
2432 2845 2521 2882 LV·-
2533 2856 2597 2879 an-

582 2915 640 2950 nis
667 2913 879 2963 defignant;
915 2911 1002 2950 teste
1026 2913 1124 2950 enim
1147 2914 1319 2948 Ditmaro
1352 2909 1635 2960 locupletissimo
1659 2909 1862 2948 Henrieus,
1898 2908 1992 2943 vitae
2027 2905 2170 2943 cursum
2199 2918 2277 2941 non
2301 2901 2465 2954 pluribut
2487 2913 2598 2950 quam

581 2970 713 3008 XLVI.
738 2982 774 3008 et
798 2972 900 3020 quod
923 2970 1079 3007 excurrit
1102 2971 1207 3006 annis
1234 2969 1410 3006 conficere
1434 2967 1571 3018 potuit.
1621 2968 1699 3003 Urs.
1820 2968 1821 2971 ’

497 3041 535 3087 1)
557 3040 771 3088 ministerio
797 3043 1051 3090 consecratur.
1104 3042 1206 3077 Haec
1228 3031 1399 3089 supplevi
1423 3052 1467 3074 ex
1489 3038 1697 3085 Chronogr.
1722 3039 1868 3075 Saxone
1890 3050 1926 3087 p.
1952 3048 2029 3074 222.
2081 3036 2176 3070 Anu.
2200 3032 2294 3067 Saxo
2318 3029 2429 3066 habet
2451 3039 2597 3069 tanturn

586 3100 839 3146 consecratur.
885 3099 1056 3136 Editores
1079 3099 1219 3134 habent
1243 3098 1447 3134 dedicatur
1470 3109 1514 3132 ex
1536 3096 1684 3143 ingenio
1708 3096 1919 3137 Reineccii,
1953 3106 2039 3144 nam
2068 3092 2107 3127 in
2131 3090 2227 3126 Cod.
2249 3087 2384 3124 Dresd.
2419 3086 2598 3123 defiden-

586 3164 656 3190 tur.
702 3156 836 3192 Annal.
860 3157 955 3193 Saxo
981 3167 1016 3193 et
1041 3155 1355 3205 Chronographus
1380 3164 1574 3191 numerant
1596 3155 1651 3198 36.
1677 3154 1895 3203 episcopos.
1920 3150 2109 3187 Marianus
2133 3147 2264 3183 scotus
2281 3153 2335 3190 48.
2355 3156 2396 3181 ,η
2414 3144 2543 3181 lmhof
2556 3146 2596 3180 in

584 3212 723 3247 notitia
752 3226 946 3262 procerum
976 3216 1124 3264 Imperii
1153 3215 1232 3251 Lib.
1253 3215 1311 3249 111.
1345 3226 1374 3249 c.
1392 3222 1424 3257 3.
1457 3227 1492 3262 p.
1513 3223 1569 3260 95.
1591 3212 1704 3248 habet
1726 3212 1781 3257 46.
1840 3210 1886 3246 cf.
1915 3206 2081 3246 Vdalrici
2104 3201 2389 3250 Babenbergent.
2415 3201 2592 3240 Codice-

591 3269 819 3318 epistolarem
842 3271 882 3306 in
905 3272 1065 3308 Eccudi-
1081 3272 1247 3321 Corpore
1268 3269 1351 3309 hist.
1374 3271 1422 3308 Τ.
1441 3271 1485 3308 u.
1510 3284 1548 3320 p.
1567 3271 1712 3315 60-77.
1760 3269 1841 3305 Ure.
