2800 3554
394 274 442 307 vt

401 402 536 446 esse,
577 395 658 446 ut,
702 383 745 432 si
786 379 913 449 quid
955 378 1020 430 ad
1060 393 1179 445 eum
1227 379 1517 430 ornandum
1560 378 1775 442 faceret,
1820 381 1904 433 hic
1942 383 2047 436 loci
2086 384 2268 436 sedulo
2310 387 2523 454 conqui⁴

397 509 574 543 rerem.

881 566 909 597 l

523 706 851 774 Quamquam
880 721 1028 766 vem,
1073 705 1216 772 quod
1248 708 1416 774 ipsum
1447 705 1704 755 Dithmari
1736 719 1929 758 textum
1961 710 2136 759 iuvare
2167 713 2358 776 possit,
2392 709 2520 759 nihil

395 818 453 865 in
503 815 763 865 tabulariis
817 816 899 867 vel
951 814 1276 866 bibliothecis
1333 819 1518 865 nostris
1573 829 1823 879 servetur,
1880 834 2015 868 nova
2057 830 2253 878 tamen,
2302 818 2424 867 dum
2464 823 2518 869 in

394 924 694 992 quaerendo
743 920 919 993 operis‘
959 926 1249 976 redemtore
1292 943 1471 975 morae
1520 925 1861 986 traherentur,
1914 925 2173 993 adfulgere
2219 925 2308 974 lux
2349 927 2522 992 coepit

391 1035 649 1100 Episcopo
682 1046 876 1083 nostro.
946 1036 1044 1085 ‘Vir
1079 1037 1216 1083 enirn
1250 1033 1463 1083 Summe
1504 1033 1832 1083 Reverendus
1875 1046 2031 1100 atque
2064 1035 2515 1092 Generosissimus,
2583 1036 2595 1041 ”

385 1143 746 1193 ADOLPHVS
781 1141 1133 1193 AVGVSTVS
1178 1158 1243 1189 DE
1275 1141 1742 1203 BERBISSDORF,
1787 1142 1836 1191 S.
1873 1144 1931 1192 R.
1969 1141 2190 1208 Capituli
2230 1140 2517 1191 Met-sebur-

393 1250 561 1318 gensis
596 1252 867 1312 Decanus,
913 1251 1104 1317 primus
1149 1251 1472 1316 episcopatus
1520 1248 1877 1311 Consiliarius,
1924 1251 2230 1299 Consistorii
2272 1262 2322 1298 et
2354 1250 2515 1297 nostri

394 1372 445 1408 et
477 1362 754 1425 Lipsiensis
797 1361 1041 1407 Director
1085 1359 1432 1422 gravissimus,
1485 1358 1629 1403 cuius
1675 1359 1883 1417 eximias
1927 1357 2104 1406 laudes
2151 1359 2261 1422 Ego
2307 1357 2518 1423 quidem

385 1466 647 1517 celebrare
690 1481 800 1515 non
843 1468 1100 1526 sustine0‚
1152 1479 1327 1513 earum
1372 1474 1545 1512 tamen
1593 1463 1804 1509 unicum
1851 1460 2011 1527 idque
2053 1460 2515 1510 luculentissimum

385 1575 758 1626 documentum
793 1573 992 1638 adferre
1025 1585 1103 1622 sat
1137 1582 1214 1620 est
1245 1570 1372 1632 hoc,
1417 1582 1476 1618 ut
1510 1587 1539 1618 a
1572 1570 1910 1643 Serenissimo
1943 1569 2092 1618 Patre
2123 1569 2346 1628 Patriae,
2391 1567 2513 1616 Fm-

381 1685 642 1734 DERICO
675 1683 1024 1743 AVGVSTO‚
1062 1680 1360 1747 Amicisque
1392 1679 1516 1727 Eius
1550 1677 1638 1727 tali
1668 1678 1906 1744 Principe
1941 1677 2103 1744 dignis
2142 1675 2397 1743 quidquid
2427 1691 2515 1742 pe-

381 1805 480 1855 tat,
517 1792 670 1843 facile
702 1794 941 1859 impetret
961 1813 1025 1828 -ι-
1057 1789 1144 1839 hic
1174 1791 1328 1857 igitur
1359 1793 1537 1856 (quem
1569 1787 1715 1851 Deus
1750 1786 1841 1836 diu
1873 1787 2116 1848 servetll)
2148 1787 2223 1835 vir
2254 1796 2514 1853 praestan-

381 1902 606 1951 tissimus
641 1876 932 1992 impetravit
965 1911 1015 1951 et
1047 1898 1175 1962 hoc,
1222 1911 1280 1950 ut
1315 1897 1565 1948 Codicem
1597 1895 1875 1956 Dithmari‚
1931 1896 2020 1962 qui
2058 1896 2114 1943 in
2147 1893 2398 1943 tabulario
2436 1894 2514 1942 in·

378 2012 556 2062 teriori
586 2009 822 2107 Dresdae
858 2022 1106 2072 servatur,
1140 2024 1234 2076 per
1268 2007 1466 2075 aliquot
1499 2020 1703 2056 menses
1737 2003 1951 2054 haberet
1983 2019 2175 2054 secum.

500 2227 578 2278 Ita
606 2243 729 2280 vero
766 2225 974 2290 accidit,
1006 2237 1065 2276 ut
1098 2224 1280 2276 Codex
1308 2198 1407 2276 iste
1438 2224 1494 2273 in
1532 2238 1618 2273 eas
1654 2236 1838 2271 manus
1871 2221 2185 2288 perveniret,
2221 2232 2355 2284 quae
2389 2230 2508 2266 eum

376 2310 681 2388 dexterrime
712 2326 926 2405 possent
957 2346 1199 2385 tractare:
1242 2332 1364 2384 nam
1396 2337 1452 2384 in
1482 2328 1663 2384 ceteris
1696 2328 1936 2399 laudibus
1970 2330 2079 2379 Viri
2110 2327 2416 2380 ornatissimi
2445 2325 2511 2383 ii,

377 2445 565 2514 quibus
599 2430 810 2514 propius
854 2461 974 2495 eum
1007 2460 1166 2494 nosse
1209 2445 1444 2510 contigit,
1488 2451 1681 2490 norunt
1725 2451 1776 2490 et
1814 2438 1974 2498 hanc,
2019 2447 2102 2495 ut,
2151 2436 2225 2482 uti
2267 2435 2322 2481 in
2365 2431 2509 2479 omni

375 2553 614 2617 historia,
648 2539 1069 2621 subsidiariisque
1113 2554 1221 2603 eius
1257 2550 1565 2617 disciplinis,
1594 2551 1681 2597 ata
1712 2548 1768 2595 in
1800 2562 1856 2596 re
1888 2544 2118 2612 inprimis
2153 2540 2507 2607 diplomatica,

377 2643 630 2742 librisque
661 2644 912 2713 chartisve
947 2662 1170 2757 antiquis
1210 2656 1442 2727 legendis
1475 2634 1844 2708 versatissimus
1880 2654 1957 2701 sit.
2031 2636 2160 2715 Qui,
2204 2666 2364 2716 quum
2399 2662 2506 2695 sus-

373 2772 571 2837 picatus
604 2769 811 2834 fuisset,
842 2768 955 2822 fieri
988 2749 1163 2820 ta‘men
1194 2763 1368 2818 forsa'n
1401 2768 1656 2836 potuisse,
1692 2775 1773 2826 ut,
1810 2763 1899 2830 qui
1907 2758 2175 2808 Codicem
2207 2769 2358 2806 antea
2385 2770 2508 2803 con-

377 2879 635 2944 tulissent,
669 2897 780 2934 non
804 2893 947 2932 recte
969 2879 1167 2974 ubique
1196 2875 1438 2939 viderint,
1471 2892 1618 2947 mox,
1653 2856 1762 2923 ιιοιι
1783 2873 1997 2920 οιιιιιίιιο
2021 2866 2240 2916 falsum
2225 2883 2280 2912 m
2303 2878 2366 2913 eo
2387 2856 2517 2911 sese'

375 2985 534 3038 fuisse
567 2989 968 3050 animadvertit3
979 3005 1066 3040 me
1097 3004 1248 3050 vem,
1293 3002 1543 3037 concessa
1575 2981 1831 3033 benevole
1864 2977 2073 3028 Codicis
2109 2975 2283 3040 copia,
2327 2968 2504 3019 melio-

386 3077 501 3143 rum
531 3104 716 3145 testem
745 3078 1104 3149 lectionum
1066 3079 1180 3149 esse
1210 3086 1388 3156 voluit.
1465 3077 1552 3146 Sic
1583 3094 1786 3144 sociata
1830 3098 1990 3157 opera
2025 3084 2290 3152 pristinam
2325 3082 2509 3128 sanita·
2528 3084 2539 3099 >¹

496 3192 498 3194 v
533 3181 541 3203 l

2113 3201 2116 3205 ·
2401 3197 2505 3234 tem
