2800 3554
1246 277 1403 330 Liber
1433 275 1493 330 V.
1622 276 1626 282 ’
2348 295 2433 330 121

309 412 373 447 tes
397 404 467 460 m)
492 400 740 451 caederent,
767 409 911 456 pugna
937 398 1167 456 grnfflima
1191 401 1371 444 Invicem
1402 399 1547 440 oritur.
1628 394 1859 440 Domestici
1888 394 2015 453 Regis
2045 400 2198 439 exeunt
2216 398 2294 450 ‘99,
2331 399 2439 442 indi·

306 485 443 528 genae
468 486 566 515 eum
590 471 827 511 adventitiis
854 471 1132 524 praeveniunt
1159 477 1202 509 et
1226 465 1548 521 subsequuntur.
1610 464 1676 505 Fit
1703 479 1880 522 magnus
1912 464 2130 506 conflictus
2160 467 2436 523 congredien-

304 542 438 586 tium,
465 537 764 593 devictumque
793 550 946 592 agmen
971 537 1276 578 Baua-riorum
1303 536 1348 575 in
1374 533 1563 588 regalem
1590 542 1751 573 curtem
1782 532 1901 588 fugit.
1971 532 2052 571 Hic
2080 533 2322 584 Heinricus,
2354 536 2437 577 sra-

300 614 367 648 ιδι-
389 605 576 646 ΕἰΙόσνη·
604 605 877 646 cancellaria·
902 603 1015 655 ¹⁰⁰),
1052 605 1127 658 qui
1163 601 1219 642 ad
1248 599 1431 643 mensam
1459 602 1567 655 Regi
1594 601 1747 654 iugiter
1774 597 2002 648 serviebat,
2047 597 2162 640 hasta
2190 601 2432 645 vulneratus

299 671 510 714 occubuit.
567 673 862 727 Quapropter,
902 672 976 726 qui
1002 672 1117 725 prius
1145 667 1346 718 aberant,
1385 667 1552 709 collecti
1579 666 1764 707 Saxones
1795 669 1947 707 iterum
1976 665 2274 721 insequuntur,
2318 679 2360 710 et
2387 673 2432 712 ni

295 738 394 780 Dux
422 737 685 780 Bernhardua
723 753 819 792 curn
854 738 1049 779 validiori
1083 750 1214 778 manu
1251 735 1414 776 medius
1450 734 1743 783 interveniret,
1785 747 1985 776 numerus
2027 734 2207 776 militum
2246 736 2430 779 infinitus

294 816 447 847 mutuo
486 806 670 851 caderet.
735 804 832 846 Post
871 804 976 846 haec
1012 813 1155 845 autem
1193 803 1378 860 castigati
1413 801 1507 843 sunt
1541 814 1715 849 omnes,
1756 804 1999 857 quicunque
2027 805 2203 844 inveniri
2231 813 2431 858 poterant

294 876 400 914 tanti
442 871 603 914 sceleris
647 883 828 915 autores.
900 870 1157 912 Moestitiam
1196 869 1394 924 praesulis
1437 866 1584 924 postea
1621 867 1801 922 placavit
1833 869 2150 909 Bockneiaeorde
2176 872 2215 922 1)
2253 885 2279 911 a
2310 872 2429 927 Rege

293 939 459 981 tradita.
512 940 604 980 Rex
630 951 773 980 autem
799 950 916 980 recto
944 941 1094 979 itinere
1121 937 1219 978 hinc
1246 937 1302 976 ad
1319 935 1539 991 Duisburg
1565 937 1814 989 perveniens
1832 933 2138 977 Luitharienses
2158 952 2286 993 quam
2309 938 2429 980 tarde

291 1005 552 1061 exspectavit.
605 1004 868 1047 Leodicenfis
898 1019 1000 1046 vero
1039 1015 1082 1046 et
1111 1002 1419 1045 Cameracenfis
1454 1001 1689 1058 praesules,
1730 1004 1855 1055 primi
1894 1000 1977 1043 huc
2012 1007 2255 1054 venientes,
2297 1003 2428 1045 archi-

290 1076 539 1128 episcopum
566 1071 867 1114 coloniensem
894 1073 967 1136 <³5¹
995 1082 1235 1113 morantem
1263 1071 1513 1126 exspectant.
1576 1068 1718 1124 Quem
1752 1083 1852 1109 cum
1891 1069 2012 1111 altius
2042 1085 2172 1126 quam
2198 1075 2427 1128 quisquam

290 1139 503 1188 cederet,
537 1138 725 1180 custodia
754 1154 837 1194 qua
864 1139 1112 1194 paululum,
1149 1138 1252 1180 ficut
1279 1141 1365 1179 iam
1393 1138 1502 1187 diri,
1542 1135 1833 1187 detinebatur,
1869 1140 1915 1179 in
1941 1140 2093 1179 mentis
2121 1139 2283 1179 secreto
2310 1154 2426 1180 mor·

290 1205 435 1253 deret,
476 1203 697 1247 simulabat
730 1206 784 1247 se
807 1205 864 1247 ob
892 1205 978 1247 hoc
1003 1216 1091 1247 tam
1116 1205 1208 1246 sero
1237 1205 1293 1245 ad
1321 1193 1447 1260 Regis
1472 1206 1654 1258 gratiam
1686 1196 1914 1255 acceffiffe‚
1957 1205 2075 1260 quod
2104 1208 2147 1247 in
2175 1205 2422 1260 accipienda

289 1270 588 1314 benedictione
615 1274 919 1327 Moguntinum
941 1271 1018 1312 fibi
1045 1273 1135 1313 Rex
1162 1269 1354 1312 voluiffet
1380 1284 1636 1324 proponere
1702 1270 1834 1325 Igitur
1874 1270 1918 1311 hi
1958 1272 2190 1314 confratres
2230 1274 2420 1327 episcopi

289 1337 467 1390 scilicet,
498 1340 662 1394 Regem
686 1342 843 1393 pariter
870 1339 1099 1394 eligentes,
1136 1337 1349 1392 fidemque
1378 1335 1642 1376 sacramentis
1671 1335 1882 1379 firmantes
1910 1353 2044 1394 usque
2074 1339 2128 1379 acl
2152 1340 2418 1395 Aquasgrani

289 1406 475 1447 endem
502 1410 768 1447 comitamur.
838 1405 939 1460 Quo
975 1407 1020 1444 in
1053 1406 1271 1443 nativitate
1307 1403 1474 1463 sanctae
1501 1403 1664 1442 Mariae
1701 1418 1726 1443 a
1762 1404 2011 1458 primatibus
2037 1404 2353 1444 Luithariorum
2376 1406 2420 1457 2)

285 1474 332 1513 in
363 1487 509 1528 regem
543 1471 835 1517 collaudatur,
879 1480 922 1510 et
958 1471 1005 1509 in
1035 1467 1182 1510 sedem
1219 1471 1381 1524 regiam
1415 1481 1536 1508 more
1575 1467 1881 1510 antecefforum
1917 1468 2090 1512 suorum
2133 1471 2339 1514 exaltatur
2374 1481 2419 1512 et

282 1538 584 1594 magnificatur.
658 1539 831 1579 Interim
870 1538 1088 1577 Franciam
1132 1534 1308 1576 revisere
1351 1533 1691 1589 insistentemque
1736 1533 1895 1591 hyemis
1939 1540 2210 1591 asperitatem
2254 1536 2415 1592 ibidem

278 1605 512 1659 perducere
537 1615 741 1655 conatur,
781 1615 828 1645 ut
854 1617 953 1645 vere
978 1606 1163 1658 primum
1190 1612 1363 1652 exorto,
1402 1603 1727 1642 Herimanmam
1755 1603 1907 1643 ducem
1932 1605 1971 1653 3)
1998 1606 2044 1645 in
2072 1605 2291 1660 cisalpinis
2320 1619 2415 1659 par-

280 1671 392 1714 tibus
418 1670 494 1712 fibi
521 1673 657 1714 solum
681 1667 1004 1713 resistentem'vi
1032 1680 1205 1726 cogeret
1231 1669 1395 1710 cedere.
1460 1668 1547 1722 Qui
1585 1669 1640 1709 de
1670 1669 1854 1711 vindicta
1881 1671 1990 1717 Dei,
2023 1685 2152 1726 quam
2180 1675 2226 1712 in
2253 1673 2414 1726 Argen·

279 1740 367 1781 tina
393 1743 649 1794 promeruit,
677 1739 859 1780 multum
886 1739 1057 1780 timidus
1085 1737 1381 1792 populumque
1408 1745 1586 1790 propter
1608 1735 1652 1776 se
1678 1736 1948 1778 laborantem
1973 1752 2065 1778 non
2093 1738 2271 1793 amplius
2299 1736 2413 1778 susti-

277 1818 383 1847 nens
410 1820 488 1860 per
513 1805 799 1848 intercessores
834 1806 943 1847 fidos
971 1804 1047 1846 fibi
1081 1804 1248 1860 suisque
1280 1802 1517 1844 fautoribus
1545 1803 1672 1857 Regis
1706 1807 1883 1858 gratiam
1923 1803 2119 1859 postulat.
2148 1804 2257 1846 'Sed
2296 1814 2412 1844 ante·

277 1885 405 1927 quam
433 1873 478 1912 id
507 1872 560 1912 ab
588 1886 643 1913 eo
670 1872 952 1914 delibaratum
990 1871 1108 1922 ess'et,
1144 1871 1358 1927 quaedam
1397 1884 1461 1911 res
1500 1869 1553 1910 ab
1589 1870 1832 1910 Alamannis
1859 1881 2101 1925 perpetrata
2139 1870 2198 1911 est
2228 1885 2253 1912 a
2279 1870 2405 1912 nobis

275 1951 366 1982 non
383 1939 703 1994 praetereunda.
746 1938 1007 1981 Gerlaardus
1025 1953 1170 1981 comes
1190 1938 1372 1980 Alsatiae
1400 1946 1574 1990 accepto
1595 1950 1619 1976 a
1639 1937 1758 1992 Rege
1786 1928 1975 1992 quodam
1998 1941 2203 1978 comitatu
2221 1937 2403 1993 praefati

276 2006 419 2054 ducis,
458 2020 554 2048 cum
582 2007 761 2062 domum
786 2008 967 2058 rediret,
1003 2010 1116 2047 iuxta
1153 2020 1283 2047 unam
1319 2005 1489 2046 urbium
1529 2003 1659 2045 castra
1695 2013 1877 2044 metatus
1915 2004 1988 2046 est.
2055 2007 2094 2046 A
2130 2021 2218 2062 quo
2250 2005 2402 2046 urbani

274 2086 422 2128 pacem
455 2076 520 2114 vix
549 2087 678 2115 unam
703 2084 876 2115 noctem
909 2077 1180 2128 impetrantes
1210 2071 1356 2127 egressi
1381 2072 1476 2115 sunt
1504 2070 1653 2111 dolose
1682 2069 1796 2126 quafi
1825 2071 1880 2110 ad
1908 2072 2197 2128 colloquium,
2238 2073 2311 2114 sed
2337 2086 2402 2113 re-

274 2153 372 2180 vera
400 2140 457 2180 ad
483 2140 814 2194 explorandum:
850 2155 874 2181 e
903 2140 1054 2196 quibus
1085 2156 1190 2182 unus
1220 2140 1449 2191 calliditate
1477 2152 1611 2194 aeque
1641 2153 1691 2178 ac
1716 2138 1943 2178 velocitate
1968 2139 2169 2194 persaepe
2195 2139 2399 2194 probatus

274 2209 447 2261 propius
473 2205 658 2255 acceffit,
687 2206 1011 2264 signiferamque
1036 2208 1229 2250 lanceam
1250 2209 1293 2260 4)
1310 2221 1415 2265 ‚qua
1442 2205 1694 2247 beneficium
1721 2205 1836 2246 ducis
1865 2219 2008 2247 comes
2035 2206 2151 2247 idem
2181 2215 2401 2260 acceperat

2225 2286 2252 2312 a
2277 2286 2393 2327 rege,

311 2459 374 2505 93)
397 2456 657 2507 defendentes.
701 2458 800 2494 Ann.
822 2454 918 2492 Saxo
940 2456 1193 2502 prohibentes.
1238 2456 1484 2495 Adelbolduc.
1498 2458 1580 2506 sua
1602 2457 1814 2504 defendere
1835 2459 2020 2496 volentes.
2068 2459 2147 2498 Vre.

310 2530 372 2574 99)
397 2538 547 2564 exeant.
589 2528 685 2562 Anu.
709 2527 804 2563 Saxo
814 2528 1107 2574 superveniunt

315 2598 396 2642 ιω)
420 2599 664 2638 cancellarii.
709 2595 838 2632 Postea
858 2595 1036 2632 Frifienfis
1062 2598 1237 2646 episcopi.
1291 2612 1324 2633 v·
1349 2597 1595 2634 adelboldum
1619 2612 1676 2648 ap.
1701 2557 1889 2646 Ludwig
1878 2613 1918 2635 in
1942 2599 2176 2649 scriptoribus
2200 2598 2387 2646 Bamberg.

399 2664 436 2700 p.
452 2663 526 2698 797.
551 2654 610 2700 q'ui
632 2652 854 2690 Adelboldus
870 2654 921 2688 Di
924 2656 1029 2690 tmari
1051 2652 1196 2701 vestigia
1218 2655 1367 2703 premit,
1393 2655 1551 2705 ideoque
1574 2655 1622 2690 ad
1644 2654 1895 2694 illustrandam
1916 2659 2014 2694 hanc
2037 2657 2197 2694 nostram
2219 2657 2389 2692 lacunam

400 2708 599 2743 admodum
621 2709 777 2744 idoneus
800 2709 861 2745 est.
915 2712 1000 2746 Wa.

312 2780 346 2818 ι)
369 2777 589 2814 Bocknevor
592 2778 649 2813 de.
693 2778 935 2813 monumenta
960 2779 1267 2817 Paderbomenfia
1289 2794 1326 2831 p.
1339 2789 1394 2828 73.
1418 2795 1555 2819 nomen
1578 2784 1655 2820 eius
1680 2784 1809 2820 dicunt
1829 2784 2157 2834 Puochinesurti
2146 2799 2186 2823 in
2207 2796 2300 2833 pago
2320 2783 2388 2820 Al-

396 2835 563 2869 mancha
587 2833 609 2869 s.
634 2836 841 2882 Almemga.
890 2836 967 2870 Vre.

304 2905 341 2945 2)
363 2903 659 2939 Lunhartorum.
706 2903 747 2939 cf.
773 2916 865 2952 quae
886 2905 1011 2954 paullo
1035 2905 1138 2956 supra
1159 2909 1382 2946 notavimus.
1430 2910 1517 2945 Vrs-

302 2974 342 3018 3)
367 2975 641 3009 Ηενίηιαηηιιηι
663 2974 805 3009 ducem.
850 2976 935 3011 Erat
955 2975 1020 3011 hic
1040 2977 1283 3014 Herimannus
1309 2979 1402 3014 filius
1425 2980 1574 3015 Vdonis
1596 2979 1719 3022 ducis,
1743 2982 1806 3029 qui
1828 2981 1927 3030 apud
1952 2980 2159 3017 Calabriam
2183 2993 2266 3016 cum
2289 2981 2380 3016 mul-

391 3030 437 3065 tis
459 3028 647 3070 occubuit,
673 3032 823 3079 quando
846 3033 938 3081 Imp.
963 3032 1056 3068 Otto
1071 3034 1116 3069 u.
1138 3046 1267 3073 contra
1290 3036 1488 3072 Saracenos
1512 3039 1699 3086 pugnavit.
1743 3039 1846 3073 Haec
1867 3041 1974 3073 Anu
1985 3039 2080 3074 Saxo
2103 3052 2138 3086 p
2150 3039 2228 3082 386.
2302 3028 2319 3045 ‚u

301 3099 342 3143 4)
365 3098 539 3133 lanceam
562 3117 604 3126 -
627 3111 827 3143 acceperat
849 3114 872 3135 a
898 3115 995 3148 rege
1041 3102 1192 3139 Mamor
1218 3104 1294 3140 do·
1285 3119 1361 3140 mre
1384 3106 1576 3143 feudorum
1599 3121 1636 3156 p.
1655 3117 1729 3151 131.
1761 3108 1801 3142 in
1830 3107 1887 3143 hia
1921 3107 2208 3156 antiquiffimum
2235 3106 2282 3141 de
2309 3103 2375 3141 usu

390 3154 509 3197 yexilli
533 3156 571 3190 in
594 3155 812 3194 investituris
836 3158 1086 3195 testimouium
1107 3160 1261 3197 invenit.
1307 3163 1391 3198 Vre.
