2800 3554
154 355 316 434 w

164 696 260 770 24¹
242 699 317 744 ⁹¹4

149 1031 217 1065 An.
257 1032 309 1068 06.

347 232 379 283 6
1105 224 1369 276 Dithmari
1403 209 1716 278 chronicon.

351 367 428 410 per
455 349 672 406 epistolam
699 346 845 389 banno
877 345 1135 403 apostolicae
1160 348 1399 390 autoritatis
1429 337 1685 390 interdicens'
1714 345 1802 400 ι7),
1833 345 1889 389 ad
1916 347 2156 394 condictam
2184 350 2332 394 ambos
2362 349 2486 409 syno-

354 421 456 461 dum
481 419 654 459 vocavit.
718 417 938 458 Heinricus
969 417 1042 458 tali
1069 430 1243 458 rumore
1270 416 1461 458 turbatus
1499 416 1556 458 ad
1582 416 1888 471 Imperatorem
1915 424 2180 474 properavit,
2223 420 2487 478 omnemque¹

349 487 535 528 indicens
564 487 603 524 ei
630 497 721 524 rem
751 483 922 534 ordine,
955 485 1154 526 auxilium
1178 487 1272 526 eius
1298 487 1470 541 petivit,
1500 495 1543 526 et
1572 487 1672 540 quia
1701 483 1916 524 familiaris
1946 487 1986 525 ei
2008 485 2110 538 fuit,
2144 497 2187 529 et
2213 492 2340 543 patris
2372 504 2489 531 com-

348 551 468 595 miffo
502 555 580 603 ¹8),
620 565 669 591 ac
695 551 811 592 fideli
837 551 1003 594 servitio
1029 555 1283 608 impetravit.
1344 555 1457 594 Nam
1481 553 1629 609 legato
1660 552 1716 594 ad
1744 550 1968 593 antistitem
1998 555 2163 597 concite
2192 560 2256 609 19)
2297 557 2484 608 directo,

351 631 399 662 ut
425 622 586 661 vinctos
613 619 819 672 solveret,
851 631 892 661 et
922 621 977 662 ad
1001 620 1154 662 suimet
1178 619 1459 677 praesentiam
1484 619 1660 662 differre
1690 619 1882 661 voluisset
1890 651 1904 672 ,
1945 619 2183 676 postulavit.
2245 623 2344 666 Post
2382 624 2488 666 haec

356 688 593 729 OttoneII.
638 688 940 731 K1.Decemb.
971 691 1036 743 20)
1073 692 1212 731 carnis
1246 689 1466 732 universae
1493 691 1606 731 viam
1642 690 1850 740 intrante,
1893 687 2016 743 saepe
2043 701 2302 734 memoratus
2330 695 2490 735 iuvenis

344 757 390 795 in
419 767 597 795 vacuum
634 755 884 808 succedens,
924 757 1234 798 haereditatem
1268 760 1363 799 iure
1391 759 1483 814 2¹),
1522 767 1570 798 et
1609 757 1837 796 maximam
1871 756 2068 797 beneficii
2106 769 2269 812 partem
2304 763 2489 814 gratuito

343 824 450 876 regis
481 821 656 878 suscepit
685 838 735 865 ex
761 838 967 872 munere,
1003 834 1049 865 et
1076 825 1199 881 quod
1227 828 1265 866 ei
1297 826 1455 878 defuit,
1488 839 1592 866 cum
1619 824 1699 864 suis
1731 822 1926 880 omnibus
1955 837 2080 879 aegre
2110 826 2224 875 tulit,
2268 839 2316 864 ac
2343 825 2490 879 postea

346 890 449 931 ficut
485 904 581 931 cum
616 894 757 934 tritico
793 894 974 940 lolium,
1011 892 1066 933 fic
1099 908 1157 933 <ex
1187 907 1249 933 eo
1285 893 1454 936 latentis
1491 893 1588 933 -odii
1624 892 1720 932 filex
1749 894 1940 932 excrevit.
1965 892 2034 944 ¹22)
2100 891 2239 946 *Quod
2266 906 2339 931 rex
2369 902 2492 934 caute

346 956 635 1010 confiderans,
674 970 722 999 ut
748 962 945 1015 ignotum
968 960 1227 1008 diffimulat,
1271 972 1312 1001 et
1341 975 1469 1017 quem
1497 961 1538 1000 vi
1566 958 1709 1013 aliqua
1736 958 1932 1015 superare
1958 973 2051 1000 non
2076 958 2343 1014 praesumsit,
2385 969 2492 1000 nota

346 1027 576 1068 Hachonis
616 1028 793 1069 versutia
823 1029 1142 1084 archipraesulis
1170 1030 1237 1081 23)
1255 1058 1269 1079 ,
1302 1043 1395 1083 ⁴qua
1432 1037 1475 1068 et
1506 1025 1746 1067 antecessor
1786 1027 1880 1068 suus
1915 1028 2251 1068 Aethelbertum
2289 1029 2490 1066 comitem

347 1094 492 1134 Tereti
520 1097 580 1144 24)
618 1099 763 1149 capitis
804 1095 1032 1138 abscisione
1063 1097 1248 1143 devicit,
1291 1106 1333 1135 et
1358 1094 1474 1135 'hune
1504 1095 1700 1149 decipere
1737 1097 1924 1135 tentavit.
1991 1095 2091 1135 Hoc
2117 1093 2341 1135 «confilium
2370 1095 2488 1137 Deus

345 1159 509 1216 sapiens
537 1161 769 1202 infatuavit.
837 1165 949 1204 Nam
973 1163 1099 1204 {faber
1121 1163 1219 1213 ille,
1246 1165 1327 1218 qui
1351 1160 1456 1203 iuffu
1484 1161 1684 1216 praesulis
1709 1173 1911 1217 torquem
1935 1170 2115 1202 *aureum
2130 1192 2144 1212 ,
2173 1164 2217 1202 in
2245 1172 2332 1217 qu'o
2362 1163 2491 1203 Hein-

300 1258 309 1267 .
346 1231 455 1269 ricus
487 1229 623 1269 occidi
652 1230 827 1271 deberet
855 1234 947 1285 25),
979 1234 1085 1271 mira
1114 1241 1203 1270 arte
1231 1230 1538 1284 praeparabat,
1570 1245 1666 1270 cum
1690 1231 1982 1286 ingemiscenti
2006 1228 2182 1270 senioris
2211 1230 2372 1281 relatu,
2403 1242 2491 1285 quo

345 1305 474 1350 pacto
514 1295 620 1336 haec
654 1297 743 1337 fieri
782 1297 1009 1344 deberent,
1048 1300 1342 1351 perquireret,
1384 1311 1518 1350 opere
1559 1297 1615 1336 ad
1651 1310 1836 1350 ungvem
1869 1300 2081 1350 perducto
2115 1308 2164 1338 et
2197 1297 2491 1351 praesentato,

347 1363 454 1403 clam
484 1362 632 1416 postea
662 1365 865 1414 evadens,
901 1363 1079 1404 obviam
1105 1365 1274 1403 Ducem
1311 1366 1578 1417 praedictum
1611 1363 1789 1409 habuit,
1834 1373 1877 1402 et
1899 1375 2055 1404 cuncta
2086 1366 2125 1404 ei
2156 1364 2305 1404 ordine
2332 1363 2496 1418 pandit.

349 1430 435 1484 Qui
461 1430 630 1471 rediens
655 1433 862 1472 nuncium
886 1427 1046 1470 remisit
1069 1429 1130 1468 ,ad
1158 1428 1410 1481 antistitem,
1454 1432 1527 1484 qui
1557 1429 1722 1470 occulta
1750 1427 2008 1482 patesceret,
2049 1428 2180 1483 'seque
2207 1432 2253 1470 in
2279 1430 2342 1470 sui
2369 1431 2496 1470 detri-

346 1506 540 1536 mentum
578 1497 771 1538 celeriter
804 1496 1027 1552 invigilare
1064 1499 1384 1551 pronunciaret,
1447 1495 1672 1551 Quicquid
1700 1498 1822 1535 enim
1854 1495 1916 1535 ad
1942 1494 2193 1551 episcopum
2229 1497 2274 1536 in
2309 1497 2494 1537 Saxonia

347 1563 416 1603 vel
443 1563 675 1620 Thuringia
704 1567 930 1618 pertinuit,
963 1574 1107 1604 totum
1135 1562 1214 1604 fibi
1246 1566 1463 1619 praecepit
1483 1565 1715 1618 occupari:
1763 1566 1929 1603 amicos
1962 1566 2076 1618 regis
2114 1562 2302 1617 partibus
2341 1577 2391 1604 ex
2429 1562 2492 1605 his

351 1634 529 1673 omnino
570 1622 851 1687 depraedatos
886 1632 1118 1686 expellens.
1192 1633 1384 1686 Moxque
1416 1641 1560 1671 :morte
1596 1631 1818 1685 repentina
1844 1628 2126 1684 archipraesul
2156 1628 2331 1683 exspirat
2358 1628 2496 1671 homi-

348 1712 448 1738 nem
479 1700 565 1754 26),
611 1711 652 1741 et
681 1700 882 1746 fortuna,
921 1713 1037 1754 quae
1073 1698 1274 1739 hactenus
1309 1701 1400 1753 regi
1437 1699 1617 1754 feliciter
1652 1697 1872 1752 aspiravit,
1915 1699 2116 1738 Heinrico
2154 1711 2283 1752 quam
2310 1710 2494 1752 propere

348 1763 474 1807 ceffit.
528 1767 610 1808 Sed
641 1767 743 1806 mibi
772 1765 826 1804 ad
857 1765 936 1804 alia
966 1769 1213 1819 properanti
1240 1767 1419 1820 longum
1451 1765 1508 1805 est
1546 1780 1770 1816 enarrare,
1791 1817 1795 1821 ¹
1814 1768 1981 1820 quoties
2013 1763 2217 1819 congreffi
2244 1775 2396 1805 mutuo
2427 1777 2493 1805 ce·

348 1831 498 1874 derent
524 1834 590 1887 27)
606 1864 621 1885 ,
653 1844 695 1874 et
724 1831 844 1888 quod
871 1832 939 1886 28)
966 1831 1184 1887 postremo
1211 1833 1432 1878 bonorum
1458 1832 1658 1876 instinctu
1685 1836 1730 1876 in
1757 1836 1988 1874 amicitiam
2017 1833 2305 1874 convenirent.

2357 1957 2494 2009 Inter-⁴

392 2076 452 2122 17)
476 2075 719 2114 interdicens.
764 2077 891 2114 Minus
914 2085 1010 2113 recte
1031 2077 1214 2114 Baronius
1238 2077 1285 2114 Τ.
1298 2077 1346 2113 Χ.
1371 2077 1502 2113 Annal.
1528 2084 1607 2122 τις.
1628 2087 1762 2127 P··79⁰·
1784 2078 1879 2124 haec
1899 2075 1950 2113 ad
1973 2088 2111 2112 annum
2133 2087 2213 2125 9¹9·
2236 2073 2352 2111 refert.
2403 2073 2487 2111 Vro-

396 2149 457 2190 ¹8)
481 2157 519 2182 ec
541 2147 743 2197 commg‘ffo.
801 2149 897 2184 Cod.
920 2150 979 2184 Bt.
1005 2161 1047 2184 ex
1070 2149 1182 2197 patris
1209 2147 1410 2184 commisso.
1460 2148 1544 2185 Vrs.

396 2221 451 2265 ¹9)
478 2221 634 2252 concite.
681 2218 741 2254 Sic
764 2231 846 2254 vere
870 2219 966 2255 cod.
990 2220 1057 2255 Dr.
1079 2232 1149 2268 pro
1172 2218 1316 2262 statim,
1341 2221 1450 2256 illico.
1501 2220 1585 2256 Vrs.

391 2289 453 2332 20)
476 2288 532 2323 II.
557 2288 618 2322 Kl.
642 2288 823 2323 Decemb.
872 2289 968 2326 cod.
992 2290 1052 2325 ΒΓ.
1075 2288 1187 2324 habet
1208 2290 1337 2335 pridie
1359 2292 1448 2326 Kal.
1472 2288 1654 2325 Decemb.
1678 2288 1842 2324 Rectius.
1891 2287 1975 2324 Vre.

389 2361 454 2404 21)
478 2359 734 2394 hereditatem
757 2364 852 2396 iure.
893 2360 994 2397 Cod,
1018 2359 1079 2394 ΒΓ.
1100 2359 1333 2397 ,Ιιενεᾰίιαιὶε
1357 2367 1457 2397 iura.

390 2430 452 2475 ειν.)
476 2433 661 2464 excrevit.
712 2430 756 2464 In
779 2432 940 2479 margine
962 2430 1063 2467 cod.
1088 2430 1154 2466 Dr.
1178 2440 1326 2467 notatur
1346 2446 1354 2466 ε
1391 2431 1526 2469 Obitus
1551 2428 1664 2479 patris
1688 2429 1864 2466 Heinrici.
1918 2427 2010 2467 Non
2036 2427 2161 2465 omnia
2185 2425 2325 2474 accepit
2346 2425 2490 2462 Heinri-

482 2498 565 2527 ωε,
590 2483 678 2521 inde
701 2486 861 2523 infensus
884 2488 1099 2537 Imperatori
1121 2487 1252 2523 factus.
1301 2490 1345 2527 V
1337 2502 1387 2525 rs

393 2558 457 2601 23)
483 2555 782 2604 arckipraosulis
805 2555 850 2593 sc.
874 2558 1100 2605 Moguntini.
1148 2559 1231 2594 Vrs-

391 2628 454 2673 24)
483 2627 718 2663 Tereei.1n
750 2627 912 2674 margine
937 2628 1032 2663 Cod.
1057 2628 1124 2663 Dr.
1148 2628 1380 2664 Athelbertus
1407 2629 1541 2665 Comes
1564 2624 1855 2673 Babebergenfis
1878 2644 1924 2653 --
1953 2626 2078 2662 Tereti
2102 2638 2162 2661 arx
2187 2622 2399 2671 Rheginoni
2420 2622 2492 2658 Te-

482 2684 594 2727 rassa,
618 2685 666 2722 nl.
687 2684 1020 2726 Theres‚‘1'haris.
1067 2684 1192 2719 Hodie
1214 2685 1355 2727 Deres,
1379 2685 1638 2722 monasterium
1664 2684 1742 2720 ord.
1765 2684 1990 2719 Benedicti
1981 2697 2020 2718 m
2045 2683 2258 2732 episcopatu
2284 2680 2496 2716 Wircebur·

483 2741 580 2790 genii
604 2740 723 2778 situm.
775 2741 958 2779 Buoellini
981 2741 1183 2778 Germania
1205 2741 1303 2778 sacra
1324 2744 1364 2779 P.
1382 2745 1434 2785 11,
1460 2757 1494 2793 p.
1510 2745 1562 2786 86.
1614 2741 1782 2778 Annales*
1798 2740 2027 2777 Hildeshem.
2052 2753 2086 2789 p.
2109 2752 2181 2786 7¹7·
2209 2738 2492 2774 decollationem

482 2799 667 2835 Adelberti
693 2799 741 2835 ad
765 2811 904 2835 annum
926 2811 1003 2847 9⁰7·
1027 2798 1196 2835 referunt.
1246 2800 1332 2836 Vrs.

396 2869 459 2915 25)
481 2870 609 2905 occidi
633 2870 799 2906 deberet.
844 2869 1023 2906 Leukseld
1047 2870 1085 2905 in
1107 2870 1208 2905 Antt.
1232 2869 1411 2907 Halberst.
1435 2884 1471 2920 p.
1488 2880 1559 2917 ¹15<
1585 2869 1789 2907 recte'huic
1813 2868 1910 2904 facto
1935 2881 2073 2903 annum
2095 2871 2171 2915 914.
2198 2865 2369 2914 adfigunt.
2407 2861 2488 2899 Vrs-

394 2939 455 2983 26)
481 2940 651 2986 exspirat
674 2941 877 2977 hominem.
926 2940 1021 2976 Cod·
1045 2941 1105 2976 Br.
1129 2953 1240 2976 omen
1265 2933 1299 2978 et
1321 2941 1504 2987 fortuna,
1530 2955 1631 2989 quae
1653 2941 1838 2978 hactenus
1861 2953 1988 2988 regem
1999 2939 2183 2989 feliciter
2205 2940 2493 2984 aspiraverunt,

483 2998 668 3034 Heinrlco
694 3012 809 3044 quam
829 3011 990 3046 propere
1014 2998 1210 3047 ceff'erunt.

399 3065 460 3108 ²7)
485 3066 660 3102 cederent
681 3070 749 3105 vel
770 3074 981 3106 macerent.
1030 3068 1127 3122 Cod.
1151 3070 1209 3107 Br.
1221 3069 1452 3118 secederent
1474 3070 1543 3107 vel
1562 3073 1740 3107 vicerint.

401 3136 459 3174 28)
486 3145 520 3170 et
545 3135 657 3179 quod.
703 3137 798 3173 cod.
823 3141 882 3175 Bt.
910 3139 1111 3188 quomodo.
