2800 3554
377 262 394 292 ι
410 260 472 293 10·
640 269 642 271 v
1139 245 1395 302 Dithmari
1429 249 1743 307 Chronicon.

732 636 1374 708 chronici
1492 635 2226 718 Di'thmari*

1059 755 1348 813 Episcopi
1411 759 1823 818 Mersepurgii

1138 863 1555 927 Liber
1663 869 1738 929 V.

765 1098 1019 1169 Heinricus
1049 1120 1236 1170 scandit,
1262 1119 1491 1176 postquam
1519 1121 1697 1176 puerilia
1726 1125 1852 1176 vicit,v

762 1189 908 1230 Ardua
936 1193 1166 1234 virtutum,
1196 1198 1332 1228 cretus
1360 1192 1422 1240 28)
1450 1189 1506 1229 dc
1532 1188 1756 1231 stemmate
1782 1205 1946 1246 regum,

766 1257 878 1297 Huic
906 1267 1027 1312 pater
1056 1257 1278 1297 Heinricus
1314 1256 1422 1304 dux,
1453 1266 1495 1296 et
1523 1261 1714 1312 genetrix
1743 1269 1833 1300 erat
1861 1262 1949 1301 eius

764 1325 877 1366 Gisla
892 1356 905 1375 ‚
935 1325 1014 1366 luis
1045 1325 1204 1364 meritis
1234 1337 1420 1378 aequans
1449 1322 1621 1379 vestigia
1652 1328 1764 1380 regis

762 1394 976 1443 Com-adi,
1004 1395 1162 1447 patris,
1188 1389 1434 1444 Burgundia
1463 1405 1595 1445 regna
1620 1395 1817 1435 tenentis.

762 1460 907 1500 Nutrit
933 1460 1200 1515 praeclarum
1227 1459 1524 1514 Uuolfgangus
1554 1460 1719 1514 praesul
1747 1461 1989 1514 alumnum,

762 1526 848 1580 Qui
876 1527 1063 1583 sequitur
1088 1529 1328 1569 Dominum
1358 1537 1452 1567 toto
1482 1531 1708 1569 conamine
1739 1528 1961 1571 Christum.

758 1594 944 1651 Postque
970 1609 1121 1636 necem
1152 1599 1279 1650 patris
1309 1595 1464 1635 ductor
1489 1594 1676 1635 succeffit
1704 1595 1869 1647 herilis,

758 1664 858 1705 Eius
888 1675 931 1705 et
959 1667 1187 1718 imperium
1213 1663 1344 1717 longe
1372 1662 1530 1717 spectat
1558 1665 1735 1719 ‘quoque
1767 1665 1946 1712 clavum.

756 1731 944 1772 Maxima
976 1748 1072 1787 pars
1101 1735 1222 1787 regni
1250 1731 1401 1771 Sclavo
1432 1730 1588 1770 vastata
1620 1731 1779 1771 crudeli

757 1801 944 1840 Multum
973 1801 1178 1849 laetatur,
1218 1799 1338 1854 quod
1366 1797 1420 1838 ab
1448 1797 1570 1838 huius
1599 1812 1706 1852 pace
1732 1803 1896 1854 potitut

756 1868 935 1909 Sedibus
966 1870 1145 1922 optatis,
1176 1863 1373 1921 iustoque
1399 1867 1622 1920 rapacibus
1653 1867 1745 1908 altis

757 1937 930 1978 Prorsus
961 1933 1242 1990 depulfis,->ac
1271 1936 1359 1974 dira
1390 1935 1486 1989 lege
1514 1934 1679 1977 sedatis.

755 2004 929 2045 Inflatos
961 2019 1107 2046 omnes
1138 2015 1288 2045 contra
1313 2004 1354 2044 se
1385 2004 1584 2057 deprimit
1611 2003 1776 2054 hostes,

755 2073 1017 2114 Demulcens
1048 2072 1182 2113 socios
1211 2072 1401 2112 iucundo
1430 2073 1590 2112 famine
1620 2082 1809 2114 cunctos.

751 2142 796 2179 Si
825 2155 913 2196 quo
943 2141 1123 2195 deliquit
1149 2140 1393 2190 modicum,
1423 2138 1562 2178 statim
1590 2138 1814 2194 resipiscit,

641 2206 709 2252 365
751 2207 970 2249 Fructibus
1000 2222 1048 2247 ac
1077 2208 1212 2263 dignis
1242 2208 1416 2248 curabat
1443 2209 1616 2249 vulnera
1647 2211 1797 2250 carnis.

751 2276 874 2317 Utilis
906 2275 1104 2316 ecclefiae
1133 2279 1291 2317 cunctis
1321 2275 1541 2315 miseratur
1568 2276 1742 2331 ubique,

750 2343 976 2399 Mersburg
1003 2343 1033 2383 fi
1061 2343 1182 2385 scires
1214 2344 1335 2384 huius
1364 2346 1433 2398 pia
1465 2355 1588 2393 vota,
1625 2342 1756 2386 sitires

749 2411 993 2453 Adventum
1025 2416 1132 2454 tanti
1159 2415 1362 2459 rectoris,
1401 2422 1445 2452 et
1471 2411 1616 2453 inclita
1648 2409 1799 2452 Christi

750 2481 935 2523 Munera
961 2481 1182 2528 laudares,
1211 2481 1512 2536 condignaque
1539 2481 1729 2532 praemia
1757 2479 1901 2520 ferres.

1107 2569 1142 2600 *-
1408 2584 1442 2617 ff<
1706 2565 1740 2597 ὅ

349 2644 615 2735 Largifluus
647 2682 814 2724 divinae
841 2685 1008 2738 pietatis
1037 2682 1248 2738 respectus
1277 2681 1490 2722 humanae
1517 2675 1767 2730 necess'itati,
1804 2692 1895 2721 non
1921 2678 2053 2720 nostri
2080 2680 2259 2729 merito,
2298 2678 2370 2718 sed
2398 2678 2496 2720 suae

349 2747 629 2792 miserationis
660 2765 839 2793 munere
866 2754 1051 2806 gratuito
1081 2751 1449 2806 superabundans,
1479 2748 1668 2789 fidelium
1698 2748 1827 2788 corda
1858 2747 2027 2789 suorum
2058 2747 2112 2786 acl
2138 2747 2273 2786 laudis
2304 2759 2496 2787 amorem

346 2813 470 2865 suae,
501 2827 543 2856 et
568 2817 623 2859 ad
647 2819 890 2860 referendas
921 2823 960 2861 ei
989 2829 1126 2875 grates
1157 2820 1371 2869 accendit,
1400 2832 1450 2858 ac
1470 2831 1538 2858 me
1558 2816 1727 2857 stultum
1750 2819 1950 2872 ingenio,
1978 2816 2273 2872 praepeditum
2302 2814 2492 2868 eloquio.

349 2895 398 2922 ac
426 2886 470 2924 in
496 2885 691 2928 omnibus
719 2888 1008 2944 negligentem
1037 2898 1080 2928 et
1106 2891 1230 2929 nimis
1262 2888 1469 2937 otiosum,
1499 2885 1637 2926 bonos
1668 2888 1712 2926 in
1736 2884 1819 2925 hoc
1839 2887 1992 2923 imitari
2014 2882 2243 2938 compellit.
2300 2884 2496 2936 Magnus

347 2949 405 2998 eft
433 2955 552 2993 enim
575 2957 720 3006 Deus,
750 2967 797 2997 ut
815 2957 959 2997 David
979 2955 1177 3004 testatur,
1207 2966 1251 2996 et
1280 2955 1527 2996 laudabilis
1553 2954 1717 2999 valde,
1749 2955 1870 2992 cuius
1894 2954 2144 3006 sapienciae
2170 2964 2374 2990 numerus
2400 2966 2491 2990 noa

348 3019 576 3063 invenitur
602 3025 740 3073 ullus,
759 3039 865 3081 -qua
899 3027 1053 3066 omnia
1081 3039 1137 3065 ex
1164 3025 1305 3066 nihilo
1334 3025 1528 3072 creavit,
1557 3023 1870 3077 hominemque
1888 3022 2030 3075 solum
2061 3019 2291 3060 duntaxat
2319 3020 2492 3073 confor-

2332 3087 2490 3124 mavit.

394 3165 457 3209 28)
482 3175 613 3202 cretus.
659 3165 720 3203 Sic
742 3168 877 3205 Dresd.
901 3182 980 3206 non
1005 3181 1133 3211 natus,
1158 3172 1212 3207 uti
1238 3170 1431 3208 editiones.
1487 3170 1575 3206 Wa.
