2800 3554
432 255 498 305 50
1192 217 1446 284 Dithinari
1482 234 1794 287 Chronicon.

432 360 491 402 est
517 355 733 399 mendum.
789 354 922 394 Huius
962 359 1098 391 mater
1131 354 1321 406 quamvis
1359 353 1639 409 paupercula,
1680 363 1848 405 tamen,
1891 363 1939 395 ut
1974 357 2019 397 in
2053 355 2322 412 sequentibus
2362 371 2561 414 apparet,

430 429 570 471 bona,
600 424 702 462 dum
730 421 914 462 eundem
942 422 986 459 in
1014 429 1137 458 utero
1166 430 1382 473 portaret,
1410 422 1515 462 vidit
1539 436 1617 476 per
1643 420 1879 473 somnium,
1907 423 2027 478 quod
2052 424 2114 466 sol
2143 440 2167 466 e
2193 425 2283 467 finu
2310 425 2459 466 suimet
2484 424 2564 466 fu1-'

394 525 398 541 ,
430 508 532 549 gens
562 500 698 531 totam
725 489 852 530 radiis
879 485 1193 528 flammantibus
1221 487 1405 541 repleret
1431 498 1599 530 terram.
1661 489 1714 529 Et
1741 492 1787 531 in
1822 504 1872 531 ea
1901 500 2052 541 nocte,
2090 507 2176 547 qua
2204 492 2309 534 haec
2337 493 2465 533 talem
2493 507 2567 548 pe·

233 1184 301 1261 ⁸ss
315 1189 392 1262 3⁷5·

429 562 541 615 perit
563 558 770 600 infantem
781 587 795 607 ,
824 555 943 596 simili
974 557 1271 610 procreatione
1303 563 1441 594 totum
1461 553 1553 614 .¹¹.0⁰
1579 558 1830 608 iumentum,
1860 558 1980 613 quod
1998 557 2084 612 ipsa
2101 562 2147 602 in
2163 562 2297 602 domo
2314 562 2386 602 sua
2402 561 2564 614 habuit,

428 625 545 684 quasi
582 624 942 682 gratulabundum
978 623 1180 663 dominae
1220 620 1464 676 respondit:
1517 623 1625 672 Illeg
1659 626 1736 679 qui
1770 635 1876 665 teme
1909 636 2044 667 natus
2079 626 2160 678 est,
2179 629 2259 681 sol
2295 641 2415 680 erac,
2458 632 2569 686 qnia

410 697 609 751 sanctae
639 692 1006 747 praedicationis
1017 692 1137 745 snae
1165 685 1310 730 radiis
1346 690 1490 731 corda
1515 691 1755 732 multorum
1783 707 1813 732 a
1845 693 2003 743 Christi
2030 696 2225 735 caritate
2247 695 2484 737 masculini
2494 699 2568 750 se-

426 777 509 803 xus
537 761 755 800 mirabilis
783 757 1026 798 multitudo
1053 759 1278 813 gignitur,
1317 761 1424 812 qnia
1462 760 1535 798 vir
1568 759 1657 798 Dei
1693 758 1760 798 ad
1779 761 1979 813 salutem
2008 764 2195 816 patr-iae
2230 765 2366 803 totius
2383 766 2568 816 stamma

423 828 836 884 praedestinatione
863 836 1128 879 regnaturus
1147 827 1365 865 exoritur.
1423 826 1538 866 Felix
1560 836 1718 876 mater,
1750 839 1878 880 quam
1900 829 2111 869 Dominus
2141 842 2243 882 prae
2272 832 2444 871 caeteris
2468 845 2568 871 con—

429 895 733 951 temporalibus
764 894 841 934 suis
872 895 917 933 in
944 903 1110 934 tantum
1146 891 1344 942 visitavit,
1385 902 1431 932 ut
1467 893 1633 947 prolem
1672 892 1955 936 nobiliori¹ms
1993 896 2293 950 coaequalem,
2336 896 2403 935 vel
2441 892 2570 939 etiam

428 963 645 1005 nonnullis
675 962 896 1018 meliorem
925 971 1118 1015 pareret,
1159 969 1206 999 ut
1237 958 1426 1001 ostensae
1449 959 1534 1002 fibi
1561 959 1726 1003 vifionis
1755 961 1874 1016 spem
1904 963 2035 1004 oculis
2073 974 2115 1003 et
2141 963 2277 1018 reipsa
2307 968 2450 1002 veram
2488 961 2572 1005 ess'e

428 1030 645 1087 probaret.
703 1029 788 1070 Sed
816 1027 921 1069 haec
951 1027 1194 1069 alias1dico.

559 1164 797 1217 Imperator
835 1165 971 1217 prima
1009 1162 1280 1216 expeditione
1307 1162 1527 1215 Btgsclzutlc
1552 1163 1616 1214 53)
1659 1164 1869 1203 civitatem
1908 1167 2041 1218 cepit3
2081 1162 2276 1204 Secunda
2302 1164 2369 1218 54)
2409 1166 2569 1208 Danas
2613 1150 2623 1158 ι

426 1231 502 1274 fibi
530 1230 710 1271 rebelles
749 1239 896 1283 petens
937 1229 992 1269 ad
1019 1227 1207 1268 Slesuuic
1243 1233 1498 1282 properavit.
1564 1229 1627 1268 Ibi
1661 1232 1788 1270 etiam
1827 1230 1965 1272 hostes
1998 1231 2092 1271 suos
2128 1232 2326 1278 foveam,
2364 1246 2476 1285 quae
2515 1233 2571 1274 ad

425 1296 716 1340 defensionem
749 1299 911 1350 patriae
939 1305 1084 1350 parata
1117 1294 1174 1335 est
1185 1324 1200 1344 ‚
1230 1305 1273 1334 et
1299 1305 1492 1345 portam,
1522 1310 1633 1349 quae
1671 1297 1956 1349 Uuieglesdor
1982 1299 2040 1350 55)
2067 1310 2268 1347 vocatur,
2299 1301 2422 1338 armis
2451 1314 2572 1352 prae·

425 1379 635 1419 occupare
663 1364 831 1413 videns,
876 1362 1051 1404 consilio
1079 1361 1314 1402 Bernhardi
1351 1363 1468 1404 ducis
1507 1373 1549 1403 et
1589 1361 1655 1403 avi
1692 1366 1869 1404 meimet
1895 1365 2084 1406 Heinrici
2122 1367 2286 1406 comitis
2317 1378 2464 1406 omnen
2493 1364 2568 1407 hae

422 1435 681 1475 munitiones
710 1431 882 1472 viriliter
909 1439 1122 1484 exuperat.
1150 1427 1216 1482 56)

556 1725 607 1766 In
635 1723 718 1766 hoc
745 1728 897 1781 itinere.
922 1727 1058 1779 prima
1086 1722 1187 1762 mali
1214 1722 1277 1774 57)
1310 1719 1507 1761 irrifionis
1536 1723 1581 1762 in
1611 1721 1785 1763 clericos
1817 1720 2066 1765 exclamatio
2098 1723 2327 1774 attollitur,
2358 1735 2399 1764 et
2428 1739 2452 1766 a
2480 1739 2570 1767 nm-

424 1795 473 1836 lis
502 1791 906 1835 hominibus-hodie
936 1791 1132 1832 servatur.
1189 1789 1435 1829 Admodum
1466 1788 1702 1828 miserabile
1729 1789 1812 1840 est,
1858 1804 1954 1830 cum
1985 1792 2145 1846 aliquid
2173 1792 2278 1833 boni
2312 1805 2336 1832 a
2365 1791 2478 1832 iustis
2507 1795 2570 1834 in-

422 1871 620 1910 ventum,
649 1863 694 1900 in
720 1858 795 1898 usu
822 1858 874 1897 ad
904 1859 1122 1897 modicum
1154 1854 1358 1903 liabetur,
1385 1853 1523 1894 statim
1550 1865 1596 1894 ut
1624 1858 1747 1896 nimis
1774 1856 2020 1897 detestabile
2044 1873 2066 1897 a
2094 1861 2274 1898 maxima
2296 1859 2567 1902 multitudine

421 1929 682 1983 repudiatur.
742 1926 875 1980 Quod
902 1927 1002 1966 Deo
1033 1934 1173 1964 autem
1206 1922 1398 1976 displicet
1427 1933 1468 1962 et
1498 1921 1716 1964 hominem
1747 1923 1802 1963 ad
1831 1925 2159 1976 promerendam
2197 1937 2338 1966 reatus
2372 1926 2430 1966 sui
2463 1938 2566 1981 poe-

422 2011 525 2038 nam
544 1991 754 2050 protrahit
764 2023 777 2042 ‚
809 1992 892 2033 hoc
921 1992 1064 2038 discit,
1095 2002 1137 2031 et
1165 2000 1211 2030 ut
1238 1989 1495 2029 ruminando
1526 1989 1674 2029 firmat.
1733 1990 1934 2042 Quamvis
1965 2005 2066 2032 vero
2093 1992 2216 2032 multi
2240 1991 2448 2034 irrisiones
2474 2005 2564 2036 non

422 2063 531 2105 serio
559 2062 738 2111 saciant,
767 2070 911 2101 tamen
936 2058 1024 2100 fine
1051 2060 1214 2114 peccati
1241 2055 1408 2096 macula
1436 2055 1510 2095 has
1538 2055 1779 2096 nullatenus
1807 2069 2028 2112 peragunt.
2517 2106 2526 2115 .

2400 2125 2562 2167 Urbem

469 2235 531 2280 53)
558 2233 761 2279 Buschutb.
809 2232 937 2280 Bqffut
959 2231 1045 2267 villa
1070 2244 1151 2266 cum
1176 2243 1256 2268 arce
1277 2228 1435 2265 Comitis
1461 2227 1651 2262 cuiusdam
1676 2227 1714 2262 in
1740 2229 1914 2264 comitatu
1934 2231 2155 2266 Harmoniae
2178 2243 2254 2265 non
2277 2229 2406 2278 procul
2430 2243 2449 2266 a
2473 2231 2563 2266 locis

555 2290 780 2336 Bai-benson
803 2298 839 2322 et
872 2289 1068 2324 Walcourt
1091 2286 1169 2322 fita.
1217 2301 1249 2322 v.
1274 2286 1377 2336 plura
1401 2283 1449 2318 ad
1472 2283 1557 2319 vers.
1586 2286 1709 2321 Germ.
1735 2297 1770 2332 p.
1790 2294 1861 2327 118.
1914 2288 1992 2322 Vrs,

466 2362 528 2405 54)
549 2358 734 2406 secunda.
781 2359 841 2394 Sic
864 2357 1052 2407 perspicue
1075 2357 1208 2393 Dresd.
1234 2370 1317 2392 cuin
1340 2358 1435 2391 Ann.
1460 2354 1605 2389 Saxone
1628 2367 1663 2402 p.
1677 2363 1752 2399 327.
1799 2357 1841 2390 ln
1867 2356 2038 2391 omnibus
2063 2356 2166 2391 editt.
2191 2353 2359 2390 omiffum
2385 2354 2447 2391 est.
2485 2357 2566 2392 Vrec

467 2434 526 2476 55)
555 2430 788 2477 Uieglesdor.
834 2429 993 2464 Leibnir.
1026 2442 1068 2463 ex
1093 2427 1189 2464 Cod.
1212 2429 1272 2463 ΒΓ.
1296 2426 1407 2461 habet
1429 2424 1655 2472 Heggedor,
1693 2423 1819 2460 addita
1842 2427 2005 2461 nominis
2031 2427 2276 2465 derivatione,
2313 2425 2402 2466 (scil.
2436 2438 2458 2460 ι
2478 2427 2562 2460 Dor

556 2497 682 2535 porta,
708 2496 743 2521 et
765 2488 898 2533 Hegge
920 2485 932 2519 l
969 2487 1104 2532 Hage,
1127 2484 1227 2532 sepes
1252 2484 1450 2532 spinarum.
1507 2482 1549 2517 cs.
1575 2481 1734 2517 eundem
1755 2483 1914 2518 Leibnit.
1940 2483 1984 2518 T.
1997 2485 2023 2518 1.
2048 2498 2083 2533 p.
2100 2485 2174 2530 29.)
2208 2484 2253 2518 al.
2276 2482 2452 2527 Egdora,
2476 2481 2564 2517 inde

554 2544 685 2578 fluvius
710 2543 864 2592 Hydra,
889 2543 1046 2578 Eudora
1070 2544 1304 2581 nominatur,
1328 2540 1390 2583 qui
1417 2540 1637 2574 Germaniae
1660 2549 1695 2574 et
1718 2539 1863 2574 Daniae
1886 2539 1975 2574 fines
2002 2542 2180 2576 terminat.
2226 2553 2259 2574 v.
2279 2540 2445 2574 Danviiii
2467 2541 2564 2576 Geo-

554 2613 603 2648 gr.
629 2601 740 2636 medii
766 2601 842 2635 aevi
869 2600 1046 2634 enchirid.
1073 2599 1129 2634 ed.
1157 2600 1280 2634 Germ.
1306 2610 1342 2645 p.
1355 2609 1409 2642 29.
1427 2606 1481 2639 30.
1526 2599 1624 2632 Ann.
1647 2597 1743 2632 Saxo
1776 2596 1993 2642 Wiglesdor
2015 2597 2143 2637 habet,
2170 2598 2231 2645 qui
2258 2595 2383 2631 roffam
2409 2597 2504 2632 hanc
2527 2607 2563 2632 et

555 2655 697 2706 postam
724 2656 887 2706 pluribus
913 2654 1097 2705 descripsit
1121 2655 1167 2690 ad
1192 2668 1249 2690 an.
1271 2663 1349 2697 808.
1374 2667 1410 2702 p.
1432 2666 1504 2699 ¹7⁰·
1556 2654 1633 2688 Vrs.
1665 2669 1708 2679 -·
1755 2654 1858 2698 Quae
1882 2654 1985 2688 uncis
2011 2653 2154 2689 inclusit
2180 2653 2406 2688 Leibnitius:
2441 2655 2560 2701 vulgo

553 2715 715 2762 Egdora
738 2717 805 2752 vel
827 2714 977 2750 Eidora
1001 2725 1067 2750 etc.
1100 2712 1271 2748 videntur
1294 2709 1467 2759 glossema
1491 2710 1704 2745 recentioris
1740 2709 1987 2759 descriptoris,
2021 2722 2061 2746 ut
2086 2710 2264 2746 semlerus
2289 2721 2414 2757 putat,
2446 2711 2563 2746 saltim

555 2772 654 2820 apud
677 2771 903 2807 Annalistam
928 2772 996 2806 col.
1013 2781 1090 2816 327.
1117 2769 1376 2806 desiderantur.
1431 2768 1502 2804 Sed
1527 2769 1581 2804 vel
1606 2781 1648 2804 ex
1672 2768 1745 2804 hoc
1766 2766 1975 2814 glossemate
2000 2778 2168 2817 apparet,
2199 2779 2326 2802 vocem
2348 2767 2562 2815 Heggedot.

555 2840 665 2877 quam
690 2828 785 2864 Cod.
809 2830 918 2864 Antv.
944 2829 1108 2868 exhibet.
1134 2828 1330 2875 genuinam
1354 2826 1425 2863 effe
1447 2826 1657 2862 lectionem.
1704 2825 1821 2861 Kind.
2432 2818 2436 2820 ’

464 2899 529 2944 56)
554 2909 749 2943 exuperat.
795 2897 882 2935 Post
904 2899 978 2934 hoc
999 2897 1147 2934 verbum
1172 2897 1338 2933 librarius
1363 2898 1473 2934 trium
1498 2895 1754 2932 versiculorum
1778 2895 1933 2943 spatium
1964 2908 2119 2932 vacuum
2149 2894 2319 2944 reliquit,
2353 2893 2454 2929 cuius
2479 2907 2558 2930 cau-

554 2954 628 2991 sam
652 2969 730 2991 non
754 2954 930 3005 ass'equor.
981 2957 1075 2993 Cod.
1101 2958 1210 2992 Brux.
1235 2955 1374 2990 nullam
1398 2955 1510 2990 habet
1534 2953 1714 2989 lacunam.
1770 2956 1855 2989 Wa.

465 3025 528 3071 57)
551 3027 659 3062 mali.
707 3027 875 3076 Coi-rexit
907 3028 1089 3064 recentior
1117 3038 1248 3062 manus
1280 3023 1576 3075 superscribendo
1601 3027 1747 3064 malae,
1784 3022 1927 3059 forrass'e
1960 3024 2004 3060 ab
2027 3023 2159 3059 Annal.
2183 3023 2326 3058 Saxone
2349 3036 2382 3071 p.
2399 3031 2476 3066 328.
2511 3025 2558 3060 ad

553 3083 734 3119 eiusmodi
759 3083 1056 3121 emendationem
1081 3078 1242 3118 inducta.
1289 3083 1362 3118 Sed
1385 3083 1602 3117 Dithmarus
1628 3084 1725 3118 mala·
1748 3083 1918 3118 erit-nmio
1943 3091 2049 3117 ornat
2074 3078 2272 3115 diabolum.
2333 3093 2363 3114 v.
2389 3079 2557 3128 Adelung

554 3138 708 3176 Gloss'ar.
732 3141 826 3176 med.
852 3143 930 3177 aevi
953 3142 1076 3178 T.1v.
1102 3154 1136 3190 p.
1154 3151 1229 3185 510.
1282 3141 1360 3176 Vre.
