2800 3554
442 273 463 307 ι
477 273 494 303 1
505 259 537 312 4
1206 246 1463 297 Dithmari
1501 245 1815 299 Chronicon.

439 371 648 415 electione
685 367 887 408 ducatum
922 366 1170 421 promeruit.
1199 368 1264 421 50)
1342 368 1530 409 Comites
1559 369 1624 422 5¹)
1668 381 1773 410 vero
1815 366 2075 419 orientales,
2120 370 2264 425 paucis
2303 378 2470 413 tantum
2513 383 2583 414 ex·

437 442 588 494 ceptis,
624 449 891 492 regnumque
929 436 975 475 in
1008 433 1078 488 spe
1119 433 1295 483 habuit3
1337 448 1448 489 quae
1487 438 1632 476 omnia
1674 436 1730 477 ad
1766 446 1854 476 tam
1891 434 2172 479 miserabilem
2210 440 2323 480 hunc
2363 441 2584 483 detraxere

435 507 597 549 finem.⁵
644 506 778 545 Huius
808 503 922 543 sama
961 501 1034 541 diu
1063 503 1128 555 52)
1168 516 1270 543 mox
1305 512 1544 557 propagata
1582 504 1805 545 dominam
1843 503 2163 545 Suonelaildam
2195 511 2338 548 venire
2374 507 2475 548 fecit
2511 507 2588 549 ob-

435 576 576 624 viam,
613 571 773 627 filiique
802 573 891 615 eius
921 569 1126 610 laetitiam
1157 569 1342 611 turbavit
1367 571 1646 612 Her-imanni.
1676 618 1680 621 ,
1708 572 1746 613 Is
1775 586 1962 627 namque
1992 585 2088 613 cum
2125 571 2231 626 iussu
2262 578 2391 629 patris
2432 577 2592 617 Uuillo-

436 641 629 682 helmum
659 643 890 684 comitem,
929 636 1144 679 senectute
1173 651 1222 678 ac
1251 639 1370 678 omni
1405 636 1601 680 bonitate
1627 641 1865 694 proficuum
1890 641 1983 692 53),
2022 638 2080 680 ob
2110 641 2406 683 vindicandam
2440 643 2591 685 vuidi-

436 707 564 750 Ia‘ndi
591 717 634 748 et
660 706 928 750 Her-imanm‘
959 718 1140 756 necem,
1182 719 1207 746 a
1244 703 1333 744 filio
1362 703 1513 746 suimet
1549 707 1607 747 eis
1635 707 1837 758 inlatam,
1878 707 2019 750 valida
2054 721 2184 748 manu
2217 695 2263 751 in
2295 709 2497 753 Uniman'
2523 712 2590 763 34)

437 773 690 831 poffideret,
737 777 1049 828 emeritumque
1088 773 1231 814 senem
1270 776 1314 815 in
1351 773 1631 828 praesentiam
1667 775 1874 828 praedicti
1903 775 2068 816 comitis
2101 778 2267 825 venire,
2308 786 2351 817 et
2388 779 2592 835 quicquid

439 842 527 898 ipse
559 842 612 882 ab
643 857 696 883 eo
729 845 977 898 exposceret
1004 840 1207 895 implere,
1249 843 1489 882 iuramento
1520 841 1852 898 constringeret,
1892 852 2064 896 accepta
2091 855 2198 882 nece
2225 847 2409 896 parentis
2437 848 2595 899 impro-

443 911 526 953 visa
563 926 659 952 cum
690 920 824 950 matre
853 908 1048 949 celeriter
1086 911 1292 958 occurrit,
1331 911 1548 964 patrisque
1584 924 1737 964 corpus
1774 913 1935 966 ingenti
1971 910 2089 949 luctu
2122 908 2347 964 suscipiens
2385 913 2430 952 in
2465 911 2595 963 urbe,

446 972 558 1034 quae
590 978 707 1020 Geni
733 980 790 1029 55)
823 976 998 1023 dicitur,
1027 976 1191 1031 sepeliri
1221 978 1333 1018 fecit.
1388 977 1568 1018 Peracto
1596 987 1738 1019 autem
1768 976 1977 1018 tricesimo
2008 978 2079 1017 die
2106 976 2283 1019 domina
2313 979 2598 1022 suonehildis

448 1046 505 1087 a'd
531 1047 660 1086 Misni
687 1043 966 1099 proficiscitur
996 1058 1092 1084 cum
1119 1043 1226 1084 filiis.

227 1198 297 1233 An,
318 1207 414 1231 ¹002,
582 1178 757 1220 Interim
784 1177 1060 1227 Bolizlarms,
1089 1176 1316 1217 Miseconis
1346 1175 1454 1218 filius
1482 1177 1574 1230 56),
1611 1190 1733 1233 patre
1766 1179 1899 1235 longe
1926 1177 2129 1228 inferior,
2167 1176 2221 1217 de
2249 1187 2388 1218 morte
2414 1177 2599 1219 laetatur

270 1243 315 1276 Α·
334 1239 370 1277 S·
452 1249 618 1289 comitis
647 1243 912 1293 Ekkebardi,
954 1257 1142 1298 moxque
1181 1244 1365 1284 collecto
1393 1246 1459 1297 57)
1497 1251 1682 1287 exn-citu
1720 1261 1896 1286 omnem
1926 1245 2116 1285 Get-onis
2141 1243 2372 1284 marchiam
2406 1248 2596 1294 comitis,

450 1319 554 1357 citra
581 1313 723 1354 Albim
759 1314 970 1351 iacentem
999 1312 1092 1363 58),
1135 1311 1380 1368 deindeque
1418 1309 1646 1367 praemissis
1686 1312 1899 1353 obsidibus
1928 1311 2121 1361 Budufin
2148 1314 2213 1362 59)
2258 1315 2468 1351 civitatem
2503 1325 2601 1352 cum

451 1380 649 1424 omnibus
685 1380 1006 1434 adpertinentiis
1046 1377 1438 1431 comprehendens,
1474 1379 1613 1420 statim
1643 1380 1835 1420 Screlam
1864 1379 2016 1419 urbem
2052 1377 2225 1429 invasit,
2263 1378 2494 1420 Misnenres
2530 1394 2604 1434 pe-

447 1452 574 1491 cunia
605 1460 879 1502 corrumpere
917 1446 1028 1486 clam
1062 1455 1242 1487 tentans.
1310 1447 1398 1500 Qui
1436 1452 1557 1488 novis
1593 1448 1758 1502 semper
1795 1447 2030 1502 gaudentes
2067 1450 2113 1488 in
2149 1438 2234 1488 una
2274 1448 2464 1498 dierum,
2506 1461 2604 1489 cum

447 1513 653 1571 praesidiis
679 1517 909 1555 maximam
943 1511 1348 1554 multitudinem-ob
1380 1515 1682 1569 acquirendam
1720 1528 1932 1570 equorum
1967 1527 2184 1554 annonam
2223 1513 2360 1555 exiiss'e
2397 1517 2605 1570 comperi-

448 1595 567 1635 rent,
595 1594 788 1639 portam,
827 1594 939 1635 quae
970 1579 1190 1620 Orientem
1218 1580 1407 1636 respicit,
1448 1585 1493 1624 in
1521 1597 1571 1622 ea
1599 1593 1745 1637 parte,
1782 1596 1867 1638 qua
1895 1581 2091 1622 satellites
2123 1579 2337 1631 habitant,
2374 1582 2475 1622 dicti
2504 1582 2603 1624 scla-

448 1654 603 1695 mnice
634 1650 894 1700 Vefflenici,
927 1649 1270 1704 Cultesburgiens
1293 1649 1359 1705 60)
1391 1650 1638 1692 Gunoelino
1668 1651 1724 1691 ad
1750 1649 1836 1692 hoc
1865 1651 1974 1692 duce
1999 1651 2190 1696 irruunt,
2218 1652 2604 1706 Breccionemque,

2481 1721 2603 1761 Heri-

493 1832 554 1879 50)
579 1830 761 1867 ducatum
783 1834 1004 1875 promeruit.
1050 1828 1281 1865 Adelboldus
1307 1842 1462 1866 coaevus
1487 1831 1526 1865 in
1548 1830 1624 1865 vita
1647 1828 1798 1864 Henrici
1810 1829 1853 1864 11.
1875 1830 1970 1878 Imp.
1995 1841 2030 1878 p.
2044 1834 2123 1874 432.
2148 1829 2246 1878 apud
2267 1831 2492 1868 Leibnitium
2514 1833 2601 1870 T.L

450 1882 453 1884 μ
585 1887 814 1935 Thuringiae
837 1887 1137 1923 Marchiotmtus
1160 1886 1309 1922 titulum
1341 1885 1539 1936 adscripfit.
1592 1886 1740 1933 Egregie
1769 1885 1871 1920 hunc
1893 1886 2054 1922 Ditmari
2086 1886 2210 1923 locum
2234 1887 2426 1925 illustravit
2448 1889 2604 1936 Sagitta·

584 1946 660 1982 rius
684 1946 723 1981 in
748 1944 901 1995 epistola
925 1945 972 1980 ad
995 1943 1217 1980 Schilterum
1243 1943 1288 1980 de
1313 1945 1467 1993 antiquo
1489 1943 1584 1981 statu
1608 1943 1836 1991 Thuringiae
1858 1956 1894 1992 p.
1908 1952 1940 1989 5.
1955 1953 2009 1988 25.
2029 1941 2055 1979 f.
2086 1955 2123 1981 et
2143 1946 2185 1982 in
2206 1946 2299 1984 Diff.
2326 1946 2372 1983 de
2393 1946 2558 1983 Eccardo
2571 1947 2602 1984 1.

585 2002 698 2039 Misn.
722 2003 863 2038 March.
888 2016 923 2052 p.
948 2012 999 2048 ¹5·
1018 2001 1044 2038 s.
1094 2003 1179 2038 Vrs.

495 2075 558 2121 51)
584 2075 758 2111 Comites.
805 2075 858 2110 Ex
883 2074 995 2115 vitio,
1018 2084 1060 2110 ut
1082 2084 1194 2123 puto,
1231 2073 1482 2123 descriptoris,
1508 2082 1721 2123 quanquam
1744 2080 1780 2108 et
1802 2071 1899 2108 Anu.
1923 2071 2019 2109 Saxo
2042 2085 2080 2124 p.
2100 2079 2176 2120 381.
2200 2073 2325 2112 habet.
2370 2074 2522 2112 Rectius
2546 2087 2608 2113 ce·

587 2137 757 2168 micatus.
805 2131 891 2168 Vrs.

497 2204 562 2250 52)
586 2201 666 2237 diu.
711 2203 808 2237 Anu.
835 2202 917 2238 Sax.
943 2212 979 2237 et
1004 2201 1101 2238 cod.
1126 2202 1235 2237 Brux.
1259 2203 1386 2249 longe.

497 2274 558 2319 53)
579 2271 801 2319 proficuum.
848 2272 966 2308 Iidem
989 2273 1130 2308 habent
1153 2273 1407 2322 conspicuum.

499 2344 563 2389 54)
592 2344 771 2378 Unimari
792 2342 1016 2392 poffideree,
1041 2357 1108 2393 pro
1133 2343 1334 2383 obsideret,
1360 2352 1401 2377 ut
1425 2340 1498 2378 sere
1519 2341 1670 2391 semper.
1719 2343 1804 2380 Vn.

496 2415 558 2460 55)
585 2414 697 2450 Geni.
741 2414 799 2448 Ita·
821 2412 1010 2462 perspicue
1032 2410 1171 2451 nomen
1195 2415 1235 2450 in
1260 2413 1356 2450 cod.
1380 2412 1515 2449 Dresd.
1540 2413 1704 2460 legimus.
1759 2411 1901 2448 Eximie
1924 2410 1964 2448 id
1988 2410 2141 2448 illustrat
2163 2411 2259 2448 Anu.
2283 2411 2378 2447 Saxo
2401 2423 2438 2460 p.
2455 2418 2530 2455 381.
2554 2411 2603 2447 ad

588 2482 647 2506 an.
671 2483 769 2507 1002.
825 2473 873 2506 In
886 2473 968 2519 fica
992 2473 1086 2507 urbe
1110 2473 1237 2512 Gene,
1269 2478 1311 2507 in
1332 2471 1524 2518 parochia
1545 2472 1804 2519 Moguntina,
1835 2475 1878 2505 in
1912 2471 2018 2510 loco.
2051 2469 2119 2504 ubi
2142 2469 2238 2512 Sala
2271 2477 2308 2503 et
2332 2466 2485 2515 Unstruc
2516 2481 2604 2504 con·

577 2527 732 2574 fluunt,
744 2528 911 2574 sepeliri
923 2529 1041 2577 fecit.
1089 2529 1167 2564 Sed
1185 2528 1270 2576 post
1290 2531 1418 2574 plures
1442 2528 1682 2565 annos-<inde
1704 2526 1917 2562 translatus
1941 2524 1996 2569 est
2013 2543 2056 2551 -
2080 2531 2122 2560 in
2145 2530 2346 2561 civitatem
2362 2525 2604 2561 Nuenborch.

566 2591 568 2594 “
589 2583 849 2633 (Naumburg.)
893 2586 953 2620 Ad
977 2586 1109 2622 ostium
1134 2585 1297 2621 fluminis
1321 2584 1491 2624 Vnstrut,
1523 2585 1587 2619 ubi
1611 2583 1732 2620 effluit
1755 2584 1794 2618 in
1817 2583 1960 2621 Salam.
1988 2581 2196 2616 invenimus
2223 2581 2312 2617 duas
2336 2582 2459 2622 villas.
2494 2585 2606 2618 Gros-

589 2640 701 2678 Genu
726 2652 762 2678 et
779 2642 1035 2677 Klein-Gena-
1081 2642 1147 2676 Illa
1165 2639 1240 2689 ipsa
1260 2639 1327 2682 est,
1353 2641 1416 2676 ubi
1436 2642 1596 2690 primum
1614 2639 1766 2676 Eccardi
1786 2638 2016 2673 Marchionis
2035 2635 2266 2687 sepulchrum
2285 2639 2372 2679 suit,
2398 2641 2500 2675 cuius
2517 2650 2606 2675 tem·

584 2697 745 2746 poribus
770 2700 927 2736 civitatis
951 2699 1106 2735 nomine
1127 2698 1326 2746 gaudebat,
1352 2698 1570 2734 iamdudum
1593 2710 1697 2738 vero,
1721 2707 1762 2732 ut
1786 2696 1878 2731 aliae
1901 2695 2059 2736 multae,
2083 2695 2123 2731 iu
2146 2695 2271 2731 villam
2295 2698 2452 2735 transiit.
2497 2698 2585 2736 Vrs.

499 2767 563 2814 56)
586 2768 799 2815 Mifeconis
810 2769 937 2818 filius.
983 2769 1100 2805 Addit
1122 2772 1217 2805 Ann.
1242 2769 1338 2806 Saxo
1361 2770 1450 2805 Dux
1473 2767 1661 2804 poloniae.
1710 2764 1795 2809 Vrs.

499 2839 562 2884 57)
586 2840 769 2883 collecto,
794 2841 852 2878 cui
877 2839 1060 2877 consentit
1080 2841 1176 2877 Anu.
1202 2839 1310 2877 Saxo.
1356 2838 1553 2876 Editiones
1575 2839 1698 2875 minus
1725 2848 1809 2886 apte
1833 2838 1966 2875 electo.
2015 2837 2099 2874 Vre·

498 2909 560 2955 58)
585 2913 787 2948 iacentem.
832 2912 1039 2949 Marchiam
1054 2911 1235 2959 intelligit
1256 2910 1427 2948 Lusatiae
1449 2909 1654 2952 inferioris,
1678 2919 1800 2959 'quam
1825 2909 2016 2960 scriptores
2040 2908 2138 2946 illius
2162 2908 2241 2945 aevi
2266 2919 2414 2959 quoque
2435 2905 2608 2944 Orien»

590 2966 664 3003 lem
686 2978 834 3006 vocant.
880 2970 969 3006 Vn.

447 3079 452 3083 ,
500 3038 562 3084 59)
587 3037 770 3086 Budufit‘t.
814 3038 1018 3077 Budimna.
1057 3053 1115 3091 ap.
1139 3042 1237 3077 Ann‘.
1260 3039 1344 3077 Sax.
1368 3039 1547 3078 Badizin.
1593 3038 1691 3076 Vrbs
1717 3037 1923 3080 clariffima,
1950 3048 2061 3088 caput
2083 3038 2172 3075 olim
2195 3028 2477 3074 Milcienorum.
2524 3035 2606 3072 Vn.

501 3107 562 3147 60)
587 3109 903 3159 cukesburgIenJ:
947 3111 1191 3149 Historiarum
1216 3110 1451 3160 scriptoribus
1475 3109 1570 3146 mala
1595 3123 1679 3145 cmx
1705 3110 1841 3159 semper
1866 3110 1934 3146 fuit
1957 3111 2031 3146 hoc
2053 3108 2203 3144 verbum
2222 3109 2451 3144 teutonicum
2472 3108 2608 3142 Oukes-

592 3161 812 3211 burgiens„
833 3168 858 3206 l'.
882 3170 1142 3218 Kukeburger.
1189 3169 1288 3205 Hinc
1311 3169 1525 3215 Schooegen
1546 3167 1587 3203 in
1610 3167 1811 3213 diplomat.
1834 3168 2026 3205 Nachlese
2047 3166 2087 3201 P.
2108 3166 2151 3202 11.
2177 3177 2214 3214 p.
2238 3172 2310 3211 198.
2339 3173 2517 3212 quantum
2540 3173 2610 3226 po·

2517 3227 2608 3261 mil,
