2800 3554
316 335 782 415 exemplu-iazypis
815 352 1052 407 expressa
1083 300 1218 387 sunt:
1274 331 1435 384 Haud
1465 331 1589 383 levis
1620 348 1743 381 vero
1777 334 2028 382 momenti
2058 332 2224 383 hocce
2258 350 2437 386 necro-

309 457 503 524 logium
546 465 647 513 est,
692 449 836 518 quod
879 446 1049 496 Abbas
1087 442 1390 493 *monasterii
1434 442 1484 491 S.
1518 440 1784 492 Michaelis
1817 444 2105 509 Riddagus
2143 443 2214 505 (†
2255 445 2429 507 1026.)

308 563 513 625 eadem,
561 575 664 629 qua
695 558 1017 616 Dithmarus‚
1055 565 1228 603 aetate
1255 554 1402 612 vixit,
1448 554 1688 617 eiusque,
1735 551 2007 617 fratrisque
2039 550 2267 616 sigfridi,
2314 554 2433 622 Epi-

307 674 454 739 scopi
490 667 1278 734 Monastetiensis,tpraeceptor
1321 660 1422 709 fuit
1441 678 1470 719 ;,
1513 676 1617 726 quo
1660 658 1879 721 factum,
1930 672 1988 708 ut
2026 672 2135 714 tum
2174 659 2432 712 Dithmari

305 790 662 845 cognatorum,
694 787 807 827 tum
840 771 1052 822 aliarum
1082 772 1139 819 in
1173 769 1434 819 Chronico
1467 782 1647 818 nostro
1681 771 2058 819 occurrentium
2092 784 2431 835 personarum

302 889 552 937 memoria
575 882 653 933 ibi
684 892 980 933 servaretur.
1043 878 1200 943 Quae
1238 881 1395 945 igitur
1434 877 1503 927 ad
1533 877 1860 940 Dithmaefum
1902 890 2136 926 nostrum
2173 877 2427 926 illustran-

303 993 428 1042 dum
471 991 725 1052 facerent,
770 990 1156 1039 accuratissime
1191 991 1424 1037 enotavit
1457 977 1775 1038 Wedekindi
1817 985 2105 1052 diligentia,
2158 985 2428 1053 attulitque

298 1098 438 1149 haud
479 1115 670 1165 pauca,
707 1113 852 1166 quae
887 1109 949 1149 et
978 1095 1365 1164 Chronologiae
1402 1109 1461 1146 et
1493 1094 1842 1162 Genealogiae
1881 1095 2040 1145 medii
2086 1097 2198 1144 aevi
2237 1111 2427 1145 novam

299 1204 567 1256 affundant
596 1206 783 1275 lucem.

424 1421 536 1469 Nec
574 1420 851 1484 praeterire
881 1416 1087 1466 silentio
1131 1412 1207 1462 fas
1240 1416 1309 1462 sit
1343 1388 1592 1480 quasdam
1622 1417 1895 1482 Alphonsi
1929 1418 1998 1464 de
2041 1417 2303 1482 Wgnoles
2333 1431 2427 1464 no-

302 1519 459 1583 tulas,
491 1539 640 1590 quas,
667 1527 804 1574 'oum
834 1527 890 1573 in
921 1521 1236 1574 bibliotheca
1266 1524 1381 1583 viri,
1428 1523 1551 1571 dum
1582 1526 1798 1584 viveret,
1846 1526 2176 1583 ornatissimi,
2216 1526 2424 1583 interio-

299 1628 439 1678 ribus
483 1632 558 1680 τά
594 1631 811 1683 bellicae
846 1630 1071 1682 consiliis
1105 1629 1340 1680 Dresdae
1381 1630 1594 1681 adhibiti
1636 1634 1707 1682 de
1738 1631 2026 1685 Ponikau,
2072 1634 2206 1681 inter
2247 1632 2419 1698 plures

297 1735 540 1787 historiae
564 1738 856 1791 -Saxonicae
889 1739 1086 1789 divitias
1112 1739 1303 1806 adesse
1336 1743 1669 1806 comperisset
1699 1741 1939 1800 Vrsinus,
1981 1739 2216 1789 modeste
2248 1743 2416 1807 petiit,

295 1856 354 1892 ut
384 1843 481 1894 sibi
515 1827 690 1896 earum
718 1850 873 1914 copia
900 1847 1059 1898 fieret.
1141 1836 1521 1896 Humanissime
1562 1847 1828 1914 respondit
1868 1850 1943 1895 vir
1987 1851 2241 1913 egregius,
2296 1864 2418 1896 con-

294 1952 407 2001 silia
451 1953 594 2002 dedit
631 1954 698 2004 de
739 1968 878 2007 recte
909 1955 1207 2006 adornanda
1237 1955 1494 2004 Dithmari
1529 1955 1756 2005 editione
1790 1955 2145 2016 saluberrima,
2191 1956 2417 2023 Vignolii

288 2069 462 2110 tamen
518 2061 787 2112 schedulas
843 2082 988 2122 cum>
1021 2064 1129 2113 aliis
1180 2063 1490 2113 Academiae
1547 2063 1903 2130 Vitebergensi
1954 2063 2156 2112 donatis
2211 2066 2417 2112 iamiam

289 2181 585 2218 convasatas
615 2186 734 2220 esse
766 2171 946 2222 doluit.
1012 2174 1121 2240 Ego
1156 2189 1278 2222 vero
1327 2184 1447 2221 ante
1485 2171 1686 2238 aliquot
1728 2187 1893 2220 annos
1937 2188 2051 2221 eam
2093 2170 2160 2220 ob
2208 2188 2416 2220 causam

286 2287 338 2324 et
369 2278 558 2328 meritis
602 2290 655 2324 et
700 2282 845 2326 annis
877 2280 1224 2329 venerabilem
1265 2279 1371 2327 adii
1404 2279 1827 2330 'Schrb‘cklzium,
1874 2294 2099 2348 eumque
2143 2281 2214 2326 ita
2255 2278 2415 2327 habui

283 2381 514 2443 facilem,
559 2397 616 2431 ut
660 2386 967 2432 amicissimo
1000 2386 1269 2434 Facultatis
1314 2386 1498 2452 phiIos.
1531 2385 1789 2434 Adiuncto
1830 2388 2078 2435 Mam'cio
2126 2385 2413 2434 exscriben-

284 2489 372 2540 das
416 2489 525 2538 illas
571 2491 839 2540 schedulas
885 2493 1207 2542 concederet.
1297 2494 1472 2556 Quum
1515 2510 1637 2542 vero
1681 2494 1898 2560 plurima
1937 2497 2040 2542 iam
2083 2496 2136 2541 in
2182 2491 2410 2542 editione

280 2595 603 2646 Leibnitiana
635 2612 887 2665 occupata
930 2598 1391 2665 deprehenderem,
1436 2600 1657 2666 paucula
1698 2613 1920 2662 tantum,
1965 2618 2103 2667 quae
2138 2617 2167 2649 e
2201 2617 2256 2649 re
2292 2618 2408 2650 mea

288 2713 483 2762 essent,
533 2708 786 2771 exscripsi.
876 2725 920 2755 v.
956 2725 1005 2773 p.
1037 2713 1082 2763 4.
1129 2720 1235 2756 not.
1274 2726 1349 2757 12.
1417 2725 1466 2774 p.
1499 2723 1609 2756 220.
1666 2720 1774 2757 not.
1803 2718 1882 2767 43.
1951 2726 1999 2775 p.
2027 2717 2137 2766 233.
2182 2720 2290 2756 not.
2324 2717 2403 2765 51.-

278 2825 329 2875 p.
366 2819 477 2876 239.
531 2822 638 2858 not.
673 2812 753 2860 60.
819 2831 868 2880 p.
905 2822 1017 2872 230.
1068 2827 1176 2862 not.
1211 2815 1291 2864 66.

1417 3135 1452 3182 b
1487 3151 1516 3181 9.
1823 3163 1839 3200 3
1885 3095 1891 3098 μ
2174 3133 2392 3193 Indices,
