2800 3554
1289 175 1444 229 Liber
1472 175 1535 230 V.
2395 185 2488 236 123

488 295 605 340 Dum
633 295 739 339 baec
767 306 949 352 aguntur
970 294 1357 357 Harieardgnspde
1382 311 1472 355 quo
1500 293 1686 352 superius
1716 293 1798 336 dixi
1807 293 1904 356 ,vde
1932 292 2209 349 prosperitate
2237 303 2279 335 et
2303 294 2487 338 adventu

349 359 476 419 Regis
518 366 705 409 Heinrlci
743 366 978 407 admodum
1020 366 1230 418 curiosus,
1281 379 1431 408 omnes
1474 367 1670 407 introitus
1710 355 2063 420 Longobardiae,
2112 364 2185 418 qui
2231 361 2285 403 ab
2332 363 2486 405 accolis

350 430 508 484 Clusae
527 433 569 485 7)
598 444 827 483 vocantur,
856 433 1046 489 vigilanti
1074 432 1266 475 custodia
1295 432 1503 475 firmabat.
1568 433 1685 487 Qui,
1715 442 1763 473 ut
1790 432 1977 486 superius
2006 430 2112 479 dixi,
2143 429 2362 472 electionis
2389 431 2486 473 suso

347 495 632 542 constitutores
671 511 711 542 et
738 501 950 553 fautores,
988 510 1036 543 ut
1074 500 1192 557 digni
1230 501 1425 550 fuerant,
1467 509 1647 540 tractare
1685 514 1776 541 non
1815 497 2050 541 desistebat.
2114 496 2229 537 Inter
2265 512 2372 552 quos
2401 500 2488 540 Bri-

343 564 527 607 xiensem
557 572 828 623 episcopum,
867 569 1030 626 aliqua,
1069 581 1181 624 quae
1208 567 1283 610 fibi
1312 567 1616 624 displicebant,
1652 567 1903 623 loquentem
1933 564 2091 619 capillis
2123 565 2323 618 arrip1ens
2353 575 2394 605 et
2421 563 2487 606 so-

342 629 513 674 lotenus
543 645 590 675 ut
618 635 849 677 bubulcum
883 636 1081 677 deiiciens
1111 639 1269 678 cunctis
1296 636 1618 679 ineffraenatam
1655 634 1934 676 manifestavit
1964 635 2082 672 iram.
2139 630 2225 670 Sed
2253 631 2357 687 quid
2386 645 2485 672 eum

342 697 511 755 lingulis
541 706 647 744 vitiis
677 701 1012 743 circumscribere
1043 717 1204 753 conor,
1240 718 1336 744 cum
1362 707 1408 745 in
1434 717 1569 760 regno
1598 712 1641 743 et
1666 702 1832 757 populo
1863 709 2086 756 appareat,
2117 712 2228 753 quae
2257 697 2378 738 turba
2407 700 2484 739 ini-

342 771 512 822 quitatis
554 770 608 809 ad
645 770 750 811 haec
777 771 1058 824 perpetranda
1090 786 1187 812 eum
1216 774 1450 813 armaverit.
1501 770 1627 811 Unde
1662 769 1895 811 nonnullos
1934 770 2096 822 priores
2133 763 2208 805 fibi
2246 762 2481 820 suppositos

343 834 546 875 commiffi
575 839 808 891 poenituit,
847 847 889 877 et
916 852 993 892 per
1020 841 1307 880 internuncios
1345 849 1387 879 et
1421 851 1499 893 per
1529 837 1670 877 literas
1708 837 1953 876 Heinricum
1989 847 2133 889 regem
2164 833 2219 872 ad
2250 832 2481 873 defenden-

343 900 446 941 dum
480 902 522 943 se
559 906 702 944 venire
738 903 972 959 rogabant,
1017 915 1089 944 aut
1126 918 1181 944 eo
1219 907 1264 945 in
1302 905 1392 946 aliis
1428 907 1610 962 negotiis
1651 913 1861 957 occupato
1890 902 2101 955 Principes
2144 899 2239 940 suos
2278 901 2477 943 mitteret.

340 968 506 1009 Horum
533 968 762 1012 neccffitati
790 970 846 1008 ad
872 971 1199 1012 succurrendum
1230 971 1335 1012 Otto
1367 973 1749 1012 Carrentanorum
1784 970 1869 1009 dux
1907 979 1950 1008 et
1983 966 2295 1018 Veronenfium
2334 971 2478 1004 comes

339 1047 437 1075 curn
471 1037 695 1079 Hetiberti
728 1040 893 1079 comitis
928 1038 1018 1080 filio
1049 1040 1214 1080 octone
1250 1050 1294 1080 et
1327 1039 1516 1092 Arnesto
1554 1038 1786 1093 Lm'poldi-
1807 1035 2062 1077 marchionis
2101 1034 2214 1079 filio,
2254 1046 2351 1073 cum
2389 1031 2479 1071 aliis

336 1105 481 1156 paucis
518 1103 575 1145 ob
611 1105 726 1161 spem
761 1107 932 1147 maioris
970 1106 1111 1147 auxilii
1148 1106 1201 1147 ab
1236 1106 1350 1148 Italis
1385 1104 1573 1161 promiffi
1610 1120 1634 1146 a
1670 1108 1790 1161 Rege
1826 1104 2033 1159 dirigitur.
2101 1103 2207 1155 Quis
2236 1110 2378 1140 autem
2405 1099 2479 1140 ille

340 1167 426 1208 dux
456 1171 561 1210 Otto
591 1173 739 1222 fuerit,
769 1174 869 1227 quia
897 1172 1082 1227 superius
1112 1178 1285 1221 reticui,
1315 1174 1500 1214 breviter
1529 1173 1751 1214 intimabo.
1807 1173 1888 1211 Hic
1915 1173 2043 1226 igitur
2070 1183 2094 1209 a
2125 1167 2339 1208 Conrado
2368 1166 2477 1207 duce

340 1244 385 1274 et
411 1236 688 1291 Lm'tgarda‚
717 1238 802 1280 filia
835 1240 1006 1282 ottonis
1034 1243 1160 1294 primi
1189 1240 1375 1282 Caesaris
1404 1242 1600 1289 maximi,
1628 1250 1903 1294 procreatus,
1931 1250 2101 1276 morum
2130 1236 2335 1289 gravitate
2363 1243 2476 1273 actu-

337 1310 499 1355 umque
523 1304 736 1356 probitate
763 1307 1025 1359 parentelam
1053 1306 1169 1347 suam
1197 1306 1442 1350 decorabat,
1489 1309 1554 1349 “Et
1584 1322 1679 1348 cum
1707 1304 1813 1360 post
1830 1314 2013 1344 mortem
2042 1301 2228 1341 Caesaris
2256 1304 2348 1340 iure
2376 1313 2476 1341 con·

338 1364 625 1422 sanguinitatis
655 1384 697 1414 et
725 1376 870 1414 aetatis
897 1375 1183 1427 virtutumque
1211 1377 1454 1415 maturitate
1491 1370 1545 1413 ab
1571 1374 1775 1414 Heinrico
1810 1383 1912 1419 tunc
1951 1369 2060 1409 duce
2094 1370 2141 1408 in
2173 1381 2319 1422 regem
2347 1366 2475 1421 elige-

332 1445 477 1481 retur,
506 1445 669 1478 tantum
697 1437 777 1479 hoc
807 1451 915 1485 onus
943 1438 1158 1480 humiliter
1186 1438 1406 1486 excusans,
1444 1438 1628 1478 eundem
1662 1441 1803 1492 primo
1830 1451 1909 1491 per
1936 1437 2225 1475 internuncios
2252 1447 2301 1472 ac
2327 1446 2405 1486 per
2431 1431 2473 1472 se

332 1500 469 1555 ipsum
497 1503 612 1557 quali
641 1504 696 1544 ad
730 1502 837 1544 haec
875 1507 1084 1558 aptiorem
1118 1504 1194 1546 fibi
1230 1505 1475 1560 prOposuit,
1515 1503 1783 1560 fideliterque
1810 1503 1984 1558 *semper
2019 1501 2191 1541 adiuvit.
2257 1498 2384 1538 Hunc
2422 1511 2473 1538 ex

331 1577 453 1621 parte
489 1569 617 1625 Regis
657 1572 925 1621 venientem,
978 1571 1428 1628 archiepiscopumque
1470 1573 1700 1613 Ravennae
1739 1571 2032 1612 Fn‘thericnm
2078 1582 2176 1608 cum
2222 1563 2471 1605 marchione

341 1635 573 1692 vaedolfo
599 1638 644 1689 8)
680 1640 941 1692 caeterisque
976 1641 1086 1693 regis
1124 1640 1317 1680 fidelibus
1353 1634 1396 1680 εἷ
1430 1640 1485 1680 ad
1524 1639 1726 1680 auxilium
1765 1646 2086 1685 occurrentem,
2128 1636 2386 1688 Hartuuigus
2426 1633 2472 1672 in

333 1703 480 1744 medio
515 1702 668 1758 politus
678 1734 692 1754 ,
730 1705 974 1760 lynceisque
1004 1707 1135 1747 oculis
1167 1710 1312 1748 omnia
1339 1706 1591 1762 perlustrans
1621 1721 1718 1746 cum
1749 1708 2028 1759 comperiret,
2072 1703 2127 1743 ad
2165 1705 2473 1754 interrumpen-

334 1769 413 1810 dos
443 1784 517 1811 eos
542 1771 759 1812 Veronam
787 1785 883 1811 cum
908 1787 1064 1827 magna
1090 1773 1362 1814 multitudine
1395 1777 1534 1824 venit,
1577 1773 1807 1827 Clusasque
1835 1771 1888 1811 ab
1919 1769 2122 1825 episcopo
2158 1769 2349 1810 eiusdem
2377 1768 2473 1806 civi·

333 1841 430 1879 tatis
469 1837 552 1897 huc
586 1852 723 1893 usque
759 1841 941 1880 munitas
980 1841 1264 1895 expugnando
1304 1844 1427 1896 cepit.
1490 1841 1678 1882 Audiens
1719 1849 1862 1879 autem
1898 1838 2160 1880 Teutonicos
2196 1839 2242 1876 in
2276 1834 2470 1874 Tn’demi

332 1905 510 1960 planitie
539 1903 796 1952 consediss'e,
830 1904 905 1944 illo
932 1916 1160 1960 properat,
1197 1919 1240 1949 et
1275 1923 1348 1950 eos
1383 1921 1476 1949 non
1511 1910 1751 1954 inveniens,
1789 1909 1943 1947 iterum
1977 1905 2102 1946 velox
2135 1903 2177 1944 se
2209 1905 2254 1942 in
2289 1903 2468 1954 Campa-

331 1973 450 2013 niam
474 1971 763 2013 Veronenrem
796 1975 967 2027 recepit.
1032 1974 1133 2028 Quo
1169 1975 1410 2018 dominicae
1445 1978 1670 2016 nativitatis
1707 1974 1812 2015 festa
1846 1977 1892 2016 in
1931 1972 2123 2028 quodam
2159 1968 2331 2010 castello
2360 1967 2467 2008 cele-
2480 1963 2665 2041 *4114ῑὲῦῖ-

332 2037 503 2088 brante,
541 2039 646 2079 Otto
676 2039 1002 2080 carentinorum
1031 2041 1116 2082 dux
1145 2045 1289 2082 omnia
1312 2046 1404 2084 eius
1434 2055 1526 2084 acta
1553 2054 1601 2083 ut
1627 2044 1767 2096 primo
1796 2041 2024 2086 intellexit,
2046 2039 2211 2093 legatos
2237 2037 2314 2078 fibi
2339 2036 2468 2076 licen-
2558 2031 2565 2038 ’
2613 2030 2622 2040 ‘

326 2106 432 2144 'tiam
462 2105 706 2146 transeundi
733 2115 807 2146 aut
835 2120 886 2146 ex
914 2106 986 2147 sua
1012 2119 1133 2162 parte
1162 2109 1396 2164 accipiendi
1420 2109 1681 2166 postulantes
1709 2108 1830 2150 mifit.
1901 2109 1976 2148 His
2003 2108 2144 2160 petitis
2174 2119 2224 2146 ex
2249 2102 2466 2160 profunda

331 2173 559 2212 calliditate
587 2176 716 2212 animi
743 2174 1000 2228 Hartuuigus
1029 2175 1276 2230 respondit:
1316 2179 1404 2217 Hic
1433 2187 1722 2232 pernoctate,
1760 2188 1811 2216 uc
1848 2190 1948 2216 cum
1983 2187 2179 2213 meorum
2219 2174 2466 2213 amicorum

331 2239 509 2289 consilio
536 2253 619 2279 vos
646 2238 833 2285 crastino
862 2237 938 2280 die
955 2241 1021 2282 *de
1051 2243 1120 2282 lais
1147 2244 1350 2283 omnibus
1374 2255 1518 2284 cereos
1545 2246 1784 2284 remittam.
1845 2243 1922 2282 Ille
1951 2252 2093 2281 autem
2120 2241 2284 2281 nunciis
2314 2235 2465 2278 nostris

329 2305 375 2344 id
401 2305 691 2360 ignorantibus
719 2319 798 2359 per
827 2319 1000 2347 omnem
1036 2320 1335 2364 eam-noctem
1360 2307 1623 2364 singulariter
1648 2309 1744 2350 suos
1773 2312 1819 2349 in
1847 2306 1985 2348 castris
2014 2305 2173 2360 pofitos
2204 2310 2464 2358 circumqua-

326 2387 412 2427 que
437 2372 688 2427 perlustrans
719 2371 774 2411 ad
800 2373 1093 2425 praeliandum
1125 2389 1250 2416 mane
1280 2387 1429 2416 contra
1454 2376 1716 2417 Teutonicos
1745 2374 2027 2415 corroborare
2066 2385 2109 2415 et
2143 2387 2260 2414 arma
2287 2385 2464 2427 praepa·

325 2452 420 2479 rare
456 2449 618 2481 monet.
650 2450 653 2454 '
683 2439 879 2480 Proxima
914 2443 1098 2494 primurn
1137 2445 1301 2484 oriente
1337 2457 1493 2483 aurora
1522 2442 1651 2499 legati
1681 2444 1796 2483 ducis
1824 2441 2010 2495 responfi
2040 2443 2175 2497 gratia
2199 2442 2363 2494 Regem
2392 2450 2463 2491 ag-

241 2517 304 2556 371
326 2503 646 2563 gress'uri,cum
673 2506 984 2562 Longobardos
1012 2508 1181 2548 militari
1210 2524 1340 2550 manu
1368 2523 1539 2564 pugnae
1572 2511 1796 2551 intendere
1826 2521 2024 2550 eventum
2054 2517 2297 2556 cernerent,
2327 2503 2461 2559 ipsum

329 2570 434 2623 quid
470 2567 554 2637 hoe
581 2571 828 2642 {ignificaret
866 2575 1188 2630 percunctantes
1226 2587 1385 2618 certam
1420 2576 1612 2618 adversus
1655 2578 1809 2619 ducem
1844 2576 2180 2633 congreffionem
2217 2571 2308 2615 iuffi
2345 2571 2461 2611 abire

151 2681 169 2696 .
1517 2644 1559 2699 Q
1588 2658 1613 2685 2
2310 2651 2457 2695 perce-

368 2811 406 2857 7)
434 2812 581 2858 Clusae.
606 2806 774 2860 angustae
796 2815 836 2851 in
855 2794 1046 2856 montibus
1068 2820 1168 2863 viae,
1192 2819 1369 2869 Defildes.
1413 2821 1474 2859 De
1498 2821 1616 2859 Clufis
1641 2834 1674 2858 v.
1692 2822 1860 2871 Adelung
1883 2817 2041 2860 Gloss'ar·
2062 2819 2168 2855 T·11·
2189 2815 2317 2869 1248ss-
2363 2813 2458 2851 (ἦν

454 2882 527 2917 pen
551 2869 675 2918 Origg.
701 2872 822 2908 Germ.
846 2875 932 2910 P.1.
955 2889 991 2930 p.
1008 2885 1084 2931 283.
1133 2881 1216 2915 Vrs.

363 2938 405 2998 8)
436 2937 655 2987 Thiedoffo.
700 2942 1020 2981 Leibnitiu‘s’eum
1045 2946 1162 2996 ipsum
1184 2947 1254 2984 ess'e
1275 2939 1557 2990 Theotialdum.
1591 2960 1700 2984 avum
1732 2949 1985 2984 celeberrimae
2007 2946 2222 2985 Mathitdis.
2253 2937 2455 2979 comitiffae

452 2996 634 3088 {urcium
667 2998 992 3054 imofiffimaeque
1023 3002 1267 3043 Hildebrmdi
1298 3006 1409 3044 Po‘nt.
1441 3007 1539 3043 Mu.
1571 3006 1709 3042 amicae
1742 3004 1874 3043 censet.
1924 3003 2134 3041 Adelboldo
2156 3001 2207 3040 est
2235 2995 2453 3038 Trebatiun.

491 3066 542 3090 n.
1826 3089 1828 3091 ,
1852 3077 1854 3079 »
