2800 3554
445 325 542 387 274
1303 302 1420 358 Vita
1449 307 1721 359 Dithmari.

447 437 585 482 sermo
622 431 703 484 est,
745 434 791 474 in
825 429 1200 487 amplificationem
1237 427 1450 483 dignitatis
1491 428 1564 469 has
1602 424 1797 472 ecclesias
1836 410 1937 470 eum
1974 428 2335 484 appertinentibus
2363 438 2523 475 eorumr
2538 436 2585 477 ίιι

447 506 655 556 Gaszrta,
688 500 867 544 czozim·
893 501 939 541 in
965 498 1217 554 Lipcziclae,
1245 499 1291 538 in
1323 497 1553 540 Olzenicze.
1581 498 1644 552 92)

580 621 731 681 xvn'l.
789 636 866 678 His
894 635 1018 691 supra
1047 633 1168 674 dictis
1195 631 1478 687 plurimorum
1506 626 1724 673 honorum
1752 631 1913 674 actibus
1939 630 2064 687 patei·
2094 630 2239 674 noster
2262 632 2527 679 Diehmarus
2559 652 2589 680 ι

447 705 640 751 sordibus
669 707 868 746 vitiorum
897 705 1110 758 expiatus,
1143 701 1208 755 [et
1237 702 1336 754 quia
1365 699 1571 753 templum
1600 698 1769 740 nostrae
1797 699 1996 741 ecclesiae
2023 698 2127 741 iuss‘u
2157 704 2421 755 imperatoris
2449 706 2590 748 aedifi·

450 785 591 817 catum
630 774 833 820 diximus,
869 771 1149 826 plurimorum
1189 768 1349 808 actibus
1387 777 1510 822 pater
1545 767 1792 810 Dithmarus
1831 782 1854 808 a
1890 767 2083 808 sordibus
2122 771 2317 808 vitiorum
2356 774 2590 832 expiatun,]

450 842 564 884 diem
595 845 724 882 exitus
756 839 813 879 sui
843 837 1108 892 exspectabat
1134 836 1382 890 intrepidus.
1409 838 1474 886 93)
1540 836 1667 877 Anno
1703 849 1806 876 vero
1845 837 2071 876 nativitatis
2109 834 2208 876 suae
2250 837 2590 895 quadrage-[bno

434 909 664 965 secundo,
694 918 783 948 tum
809 909 876 958 94)
908 903 1123 946 ecclefiam
1150 901 1225 944 fibi
1255 901 1513 943 commissam
1543 902 1835 958 gubernaculo
1865 901 2044 943 iustitiae
2071 917 2149 956 per
2174 902 2417 960 fluctivagas
2444 909 2594 949 mundi

451 976 661 1032 procellas
691 975 744 1014 ad
774 984 928 1014 terram
957 973 1185 1012 viventium
1221 972 1354 1011 annis
1381 969 1558 1018 decem,
1596 970 1810 1021 mensibus
1819 971 2019 1024 septem,
2058 970 2213 1010 diebus
2241 972 2430 1012 totidem
2458 974 2595 1017 duxi·-

450 1038 512 1086 [εἰ
547 1041 757 1098 ergastulo
794 1040 1075 1095 babylonicae
1115 1040 1361 1092 captivitatis
1398 1047 1566 1091 ereptus
1603 1047 1821 1078 aeternam
1858 1036 2120 1077 Hierusalem
2155 1043 2349 1091 perpetui
2384 1042 2593 1085 incolatus

452 1113 644 1160 intravit,
681 1124 809 1164 quem
839 1109 1036 1148 dominus
1072 1105 1168 1145 suus
1205 1118 1284 1158 pro
1322 1104 1445 1144 lucro
1475 1104 1658 1144 duorum
1688 1105 1946 1153 talentorum
1975 1104 2289 1145 introducendo
2317 1108 2362 1147 in
2390 1110 2592 1163 gaudium

451 1177 572 1219 suum
603 1176 829 1216 calendas
855 1173 1110 1225 Decembris
1134 1178 1197 1221 95)
1227 1171 1523 1210 remuneravit.
1595 1171 1707 1211 Hinc
1732 1183 1814 1224 pro
1847 1173 2077 1224 capacitate
2102 1172 2168 1224 96)
2200 1174 2436 1216 intellectus
2462 1175 2593 1219 nostri

451 1242 536 1285 hoc
565 1242 679 1284 brevi
708 1246 892 1284 carmine
922 1241 1248 1296 prosequamur,
1289 1246 1331 1278 et
1369 1247 1533 1293 quanto
1573 1237 1741 1292 dignius
1776 1241 2034 1291 poterimus,
2075 1241 2163 1281 eius
2198 1238 2402 1282 beneficia
2434 1244 2597 1286 recol·-

455 1318 562 1353 mus.
618 1312 742 1353 Vnde
772 1309 908 1352 versus
926 1325 935 1350 :

851 1417 1019 1456 Tertius
1052 1411 1111 1454 eft
1137 1413 1272 1454 factus
1299 1415 1482 1468 pietate,
1510 1410 1583 1452 sed
1613 1412 1764 1453 ordine
1792 1422 1966 1467 quartus

850 1494 1021 1537 Praesul
1047 1493 1294 1536 Dithmarus
1322 1496 1482 1548 pietate
1507 1506 1586 1547 per
1612 1495 1758 1532 omnia
1786 1493 1946 1543 clarus,

852 1576 943 1618 Lux
968 1575 1300 1631 praecedentum
1327 1585 1516 1630 patrum,
1546 1572 1620 1616 fed
1647 1573 1784 1614 forma
1814 1572 2063 1628 sequentum

851 1657 1009 1700 Extulit
1036 1656 1115 1698 h'os
1144 1656 1262 1696 dictis
1275 1655 1398 1706 „hos
1427 1657 1563 1694 munit
1593 1654 1648 1694 ad
1678 1657 1821 1696 omnia
1850 1654 2020 1709 scriptis.
2070 1686 2073 1687 γ

823 1757 829 1760 ·
856 1739 990 1794 Quod
1018 1738 1204 1777 melioris
1229 1739 1295 1790 97)
1331 1735 1458 1775 habet
1484 1734 1630 1786 locus,
1663 1734 1731 1775 hic
1757 1739 1914 1776 merito
1940 1734 2016 1776 fibi
2043 1734 2195 1789 debet,

850 1818 1102 1875 Invigilabat
1129 1821 1168 1858 ei
1195 1820 1261 1869 98)
1299 1830 1391 1858 non
1421 1816 1568 1856 dando
1594 1815 1740 1856 locum
1767 1818 1957 1871 requiei,

852 1902 965 1955 Ergo
999 1899 1136 1939 beavit
1166 1913 1262 1939 eum
1293 1899 1419 1936 vitam
1449 1897 1657 1937 donando
1684 1911 1761 1951 per
1790 1911 1942 1937 aevum

854 1982 934 2022 Cui
961 1980 1004 2021 se
1032 1978 1238 2022 commisit
1265 1977 1339 2018 sub
1368 1980 1502 2032 prima
1530 1979 1674 2019 fronte
1701 1977 1965 2019 Decembris.

587 2116 706 2161 ΧΙΧρ
762 2116 861 2156 Huc
893 2129 1030 2170 usque
1064 2127 1236 2154 omnem
1263 2114 1517 2152 narrationis
1545 2111 1716 2152 nostrae
1743 2114 1997 2153 artationem
2026 2112 2088 2164 99)
2123 2110 2280 2167 scriptis
2317 2112 2440 2156 huius
2465 2114 2594 2171 patri&

452 2183 585 2228 nostri
621 2183 924 2225 declinavimus
960 2192 1002 2223 et
1041 2181 1370 2236 quodammodo
1406 2178 1517 2218 dicta
1556 2183 1804 2220 memoriter
1839 2178 2134 2218 recensuimus.
2196 2182 2323 2219 Nunc
2357 2196 2458 2222 vero
2494 2186 2591 2238 quin

451 2250 602 2307 scripta
628 2250 755 2292 nobis
785 2249 961 2295 desunt,
991 2249 1147 2289 relatus
1177 2247 1390 2287 seniorum
1418 2246 1542 2286 nobis
1572 2246 1760 2299 prosunt.
1814 2247 1883 2285 Tu
1911 2256 2078 2296 autem,
2109 2246 2234 2287 chare
2261 2248 2420 2295 lector,
2448 2250 2503 2289 de
2530 2264 2594 2290 rea

452 2321 677 2386 natatione
715 2315 884 2358 nostrae
921 2315 1029 2357 sedis
1063 2313 1312 2354 laetificatus
1355 2313 1409 2352 ad
1448 2313 1741 2378 recolligenda·
1775 2312 1895 2367 supra
1934 2313 2044 2352 dicta
2082 2314 2247 2367 plenius
2281 2314 2484 2369 respirare
2508 2331 2596 2358 me-

453 2386 628 2435 mento,
656 2395 703 2424 ut
731 2383 948 2439 sequentia
976 2382 1143 2422 facilius
1168 2394 1320 2434 capere
1349 2380 1514 2430 valeas,
1554 2381 1700 2421 audito
1727 2381 2040 2435 superintento,
2077 2384 2122 2422 in
2152 2385 2362 2423 continuis
2393 2386 2504 2424 enim
2533 2395 2600 2425 1·οὸ

452 2453 530 2496 bus
559 2452 773 2493 interdum
802 2450 1004 2504 respirare
1034 2449 1092 2489 est
1119 2452 1335 2503 ingenium
1365 2447 1569 2492 recreare.
1636 2450 1734 2488 Non
1764 2451 1875 2488 enim
1903 2449 2032 2499 fallit,
2071 2452 2144 2504 qui
2174 2450 2297 2499 dicit,
2335 2450 2454 2504 quod
2481 2461 2594 2491 caret

454 2521 616 2562 alterna
644 2521 815 2572 requie,
852 2517 1046 2556 durabile
1072 2531 1163 2557 non
1193 2516 1278 2566 est,
1316 2515 1369 2554 fic
1394 2514 1621 2568 respiram,
1660 2525 1708 2554 ut
1738 2515 1791 2554 ad
1819 2515 2034 2569 sequentia
2062 2517 2224 2558 tendas.
2292 2517 2448 2557 Animo
2475 2532 2592 2571 prae-

455 2597 606 2642 parato
633 2586 718 2625 Dei
747 2583 914 2624 adiutus
944 2584 1101 2624 auxilio
1128 2597 1208 2624 nec
1236 2582 1404 2624 subsiste
1438 2583 1608 2636 legens,
1646 2582 1835 2623 dicendis
1872 2583 2008 2624 laetus
2039 2586 2122 2637 ¹00)
2159 2584 2406 2635 inhaerens,
2445 2595 2484 2624 et
2524 2597 2594 2624 co-

2434 2666 2592 2709 gnosce

498 2815 558 2861 9²)
580 2810 715 2847 Drend.
739 2819 775 2847 et
796 2809 926 2845 Leibn.
952 2808 1086 2844 Gusna
1107 2827 1151 2846 —.
1176 2806 1330 2849 co‘ztnt,
1356 2808 1524 2844 Olsntce.
1575 2808 1639 2855 93)
1662 2817 1761 2843 totus
1785 2807 1889 2844 locus
1914 2821 2123 2859 corruptus,
2150 2824 2259 2860 quam
2283 2811 2330 2847 ob
2355 2809 2496 2846 causam
2519 2812 2591 2846 iam

588 2866 650 2904 suo
676 2878 859 2918 tempore,
896 2877 990 2916 quae
1019 2866 1125 2902 uncis
1157 2864 1387 2904 inclusimus.
1421 2865 1527 2900 eiecit
1550 2865 1779 2901 Reineccius.
1835 2867 2000 2916 Scriptor
2028 2867 2229 2904 incuriosus
2259 2867 2316 2903 bis
2345 2867 2472 2904 eadem
2495 2869 2590 2903 intra

587 2919 727 2976 paucos
751 2922 944 2960 versiculos
967 2922 1108 2972 posuit,
1135 2934 1169 2959 et
1194 2923 1323 2958 verba:
1350 2930 1443 2969 quia
1466 2925 1646 2967 templum
1662 2942 1703 2949 ·-
1729 2923 1900 2959 diximus
1930 2939 1972 2960 ex
1995 2929 2023 2971 §.
2044 2927 2142 2960 XIV.
2169 2927 2332 2974 repetita.
2377 2927 2589 2973 Anonymus

586 2984 697 3019 etiam
723 2981 924 3022 consentit,
949 2981 1010 3029 qui
1036 2993 1055 3015 a
1080 2994 1169 3016 voce
1191 2983 1445 3025 plurimorum.
1464 2980 1668 3018 reviviscit,
1693 2980 1818 3028 paullo
1843 2981 1925 3030 post
1948 2985 2164 3022 moriturus,
2191 2996 2273 3018 nam
2298 2983 2335 3017 in
2360 2996 2450 3018 voce
2472 2998 2590 3019 remu-

585 3045 742 3076 neravit
765 3037 908 3084 definit,
951 3041 1015 3085 94)
1038 3038 1274 3091 Sic·Merseb.
1321 3039 1412 3074 Lud.
1439 3038 1546 3078 dum,
1572 3039 1726 3073 rectius:
1753 3052 1846 3073 cum.
1890 3043 1952 3090 95)
1979 3041 2175 3076 calendas
2196 3040 2417 3075 Decembris
2440 3054 2471 3075 v.
2499 3041 2592 3076 infra

573 3098 629 3133 ,ad
654 3097 764 3133 finem
786 3106 864 3133 not.
888 3103 962 3141 ¹04.
1017 3097 1080 3142 96)
1106 3097 1200 3133 Cod.
1226 3096 1360 3132 Dresd.
1386 3106 1420 3131 et
1446 3095 1572 3131 Leibn.
1594 3101 1805 3141 paucitate.
1865 3102 1923 3143 97)
1949 3098 2075 3132 Leibn.
2101 3098 2331 3133 meliuscule.
2386 3100 2447 3143 98)
2471 3099 2531 3133 Sic
2555 3109 2591 3134 et

563 3152 714 3190 ¹Dte-td:
740 3167 837 3194 non,
867 3162 908 3189 ut
930 3154 1081 3190 Ludew.
1109 3156 1204 3195 Dei,
1237 3153 1449 3189 adversante
1480 3162 1610 3188 metro.
1677 3154 1742 3199 99)
1768 3153 1864 3189 Cocl.
1890 3154 1956 3189 Dr.
1982 3159 2260 3189 tractationem.
2332 3158 2415 3202 too)
2446 3157 2591 3204 ignorat

576 3211 669 3247 Lud.
693 3213 791 3248 hanc
813 3224 964 3252 vocem,
990 3206 1083 3259 quob
1106 3209 1228 3247 tamen
1253 3209 1372 3247 abess'e
1396 3223 1473 3245 uon
1497 3209 1636 3258 potest,
1662 3221 1702 3246 ut
1724 3209 1843 3246 versus
1867 3210 1934 3247 fibi
1959 3210 2109 3246 constet.
