2800 3554
450 331 467 363 1
478 318 538 362 ΣΞ
1211 308 1466 359 Dithmari
1499 307 1813 359 chronicon.

446 445 470 472 a
497 443 622 486 rege,
664 443 806 470 coram
838 430 1027 470 tentorio
1059 428 1146 468 eius
1178 425 1370 480 affixam,
1410 430 1618 471 elevando
1657 426 1968 484 circumspexit,
2007 429 2063 471 ad
2096 430 2379 488 ultimumque
2411 446 2509 474 cum
2537 445 2598 476 en.

446 497 598 540 urbem
637 497 803 538 securus
846 499 1004 537 cunctis
1044 497 1089 535 in
1128 493 1283 535 caffum
1320 510 1435 550 pone
1468 496 1738 553 sequentibus
1776 498 1956 538 intravit.
2021 496 2071 538 In
2103 499 2209 543 urbe
2246 516 2347 542 mox
2385 501 2590 542 exultatio

446 579 604 620 magna
626 564 863 613 extollitur,
892 573 1017 618 porta
1047 563 1281 611 clauditur,
1311 577 1454 604 comes
1481 565 1598 619 quasi
1625 566 1792 608 honore
1819 566 2004 618 privatus
2032 565 2238 608 irridetur.
2293 570 2379 622 Qui
2410 570 2593 612 eandem

447 635 587 689 primo
618 630 811 672 dulcibus
840 628 1045 686 promiffis
1074 628 1225 670 frustra
1254 641 1419 672 tentans
1448 634 1661 686 recipere,
1701 633 1774 674 sed
1807 631 1887 672 illis
1916 631 2168 686 negantibus
2196 634 2432 687 redditum,
2471 636 2593 679 tristis

448 700 575 750 abiit,
613 710 700 740 tam
727 713 882 741 vacuus
913 714 937 739 a
966 697 1201 749 beneficio,
1241 713 1370 754 quarn
1400 713 1424 739 a
1452 699 1623 740 militari
1652 699 1784 755 figno.
1850 701 1985 740 Fuere
2021 702 2067 741 in
2103 701 2184 741 alia
2213 702 2379 744 civitate
2405 708 2597 746 munitis·

449 767 573 814 fima,
600 767 789 807 Brizach
812 768 854 819 5)
888 767 1025 820 dicta,
1055 768 1244 819 episcopi
1274 766 1386 815 duo,
1425 767 1736 822 Argentinenfis
1769 778 1809 808 et
1836 766 2074 808 Bafileenfis
2105 768 2158 807 ad
2186 767 2437 822 praesidium
2446 801 2460 822 ,
2489 786 2596 827 quo-
2616 772 2683 810 370

447 851 544 878 rum
582 833 734 874 milites
773 833 966 894 quo'tidie
1010 831 1066 872 ob
1107 834 1365 887 acquirenda
1407 849 1616 889 equorum
1655 835 1813 890 pabula
1853 838 2003 875 armati
2040 838 2151 876 exire
2187 834 2394 880 solebant.
2462 839 2597 892 Quod.

451 906 575 945 amici
605 902 720 941 ducis
754 912 875 942 caute
905 898 1216 942 confiderantes
1249 915 1302 941 eo
1333 912 1552 955 tempore,
1582 917 1670 957 quo
1699 902 1741 942 hi
1768 903 1990 966 paululum
2018 900 2349 957 praecesserant,
2379 902 2500 944 fimili
2528 904 2599 946 ha-

447 971 542 1013 bitu
567 970 865 1022 sarcinatisque
897 971 1015 1023 equis
1047 969 1101 1008 ad
1131 968 1279 1009 urbem
1312 980 1527 1010 cantantes
1557 981 1764 1024 pergunt,
1802 982 1843 1011 et
1869 986 1948 1025 pro
1977 971 2096 1010 sociis
2135 983 2157 1008 a
2189 969 2431 1012 custodibus
2469 974 2602 1013 intro·

449 1042 685 1080 mittuntur.
751 1036 953 1078 Proiectis
991 1035 1107 1075 illico
1151 1037 1350 1078 oneribus
1390 1051 1544 1092 magna
1583 1051 1688 1078 voce
1726 1038 1765 1077 l'e
1804 1036 1942 1078 hostes
1971 1034 2263 1086 manifestant,
2305 1041 2600 1094 episcopisque

403 1121 406 1123 ·
453 1109 519 1147 vix
558 1101 703 1157 elapsis
743 1106 888 1143 omnia
927 1104 1143 1155 diripiunt.
1197 1102 1402 1144 Posthaec
1430 1106 1713 1146 Herimannus
1754 1106 1861 1154 dux,
1900 1106 2041 1152 matris
2078 1116 2200 1142 meae
2238 1105 2432 1145 avunculi
2467 1105 2598 1158 filius,

456 1173 619 1220 divina,
658 1179 706 1208 ut
742 1170 954 1222 praedixi,
993 1171 1326 1222 compunctione
1354 1170 1447 1210 Kal.
1480 1171 1656 1211 Octobr.
1684 1173 1890 1225 qufelae
1922 1172 2030 1225 Regi
2060 1169 2273 1210 humiliter
2299 1171 2599 1225 praesentatur.

455 1235 787 1282 Misericorditer
825 1239 912 1277 eius
952 1238 1131 1291 gratiam
1167 1239 1430 1289 impetravit,
1475 1249 1517 1278 et
1552 1241 1598 1278 in
1636 1237 1845 1278 beneficio
1886 1248 1929 1278 et
1963 1241 2009 1277 in
2049 1238 2244 1278 omnibus
2279 1237 2374 1278 iusti
2408 1238 2600 1280 desiderii

458 1306 787 1350 satisfactionem
831 1303 1097 1358 persolvens,
1146 1314 1323 1357 excepto
1361 1306 1621 1359 Argentinae
1667 1304 1851 1354 damno,
1900 1304 2021 1361 quod
2055 1303 2171 1342 idem
2207 1302 2312 1343 iuffu
2349 1316 2391 1345 et
2425 1305 2601 1348 consilio

455 1377 585 1429 Regis
617 1373 670 1412 de
698 1371 769 1411 sua
798 1375 1085 1425 proprietate,
1120 1383 1160 1412 et
1192 1372 1405 1412 abbatiam
1433 1375 1478 1413 in
1507 1373 1658 1414 eadem
1684 1371 1790 1411 urbe
1817 1370 1936 1412 fitam
1964 1374 2196 1426 reparavit,
2226 1371 2345 1411 miles
2375 1382 2418 1412 et
2444 1376 2601 1414 amicus

461 1445 550 1483 eius
580 1440 686 1480 fidus
721 1437 911 1478 efficitur.
977 1440 1051 1479 His
1086 1442 1143 1478 ita
1175 1438 1381 1494 dispofitIs
1409 1441 1500 1481 Rex
1529 1441 1584 1480 ad
1611 1441 1863 1480 Bauuariam
1898 1442 2106 1493 perrexit,
2143 1449 2191 1478 ut
2221 1441 2278 1479 eis
2315 1441 2498 1481 adventu
2527 1440 2602 1483 suo

461 1521 504 1551 et
540 1513 585 1550 in
622 1509 739 1548 omni
777 1507 951 1546 caritate
988 1509 1300 1557 innotesceret,
1344 1508 1464 1561 quod
1506 1522 1579 1547 eos
1616 1509 1844 1561 praecipue
1882 1508 1993 1546 inter
2033 1520 2180 1546 omnes
2224 1518 2395 1547 amaret.
2465 1509 2608 1562 Quem

459 1576 740 1620 Ratisbonam
768 1575 1011 1614 venientem
1042 1573 1335 1613 Gebelcardus
1371 1573 1562 1614 eiusdem
1598 1573 1764 1628 praesul
1804 1576 1996 1627 egregius
2028 1587 2124 1613 cum
2161 1574 2260 1613 cleri
2290 1578 2505 1630 totiusque
2530 1589 2609 1629 po-

458 1645 550 1702 puli
579 1641 765 1698 tripudio
794 1641 999 1695 suscepit,
1027 1640 1173 1696 ibique
1199 1639 1351 1680 festum
1379 1639 1509 1680 sancti
1535 1641 1710 1682 Martini
1738 1639 2026 1682 celebrantem
2052 1643 2099 1682 in
2124 1641 2267 1682 multis
2298 1641 2606 1684 honorificavit.

595 1777 770 1818 Interim
798 1773 1104 1816 Bohemiorum
1133 1774 1219 1814 dux
1246 1774 1492 1824 Bolizlaus,
1531 1776 1629 1829 quia
1661 1774 1847 1828 potestas
1878 1773 2081 1815 consortis
2111 1784 2154 1815 et
2179 1775 2416 1816 succefforis
2443 1775 2608 1830 semper

464 1845 523 1888 est
551 1844 730 1901 pavida,
757 1844 1019 1882 Iar-emirum
1048 1843 1227 1882 fratrem
1252 1840 1557 1892 eunuchizans,
1586 1844 1884 1897 iunioremque
1918 1843 2186 1882 othelricum
2213 1845 2257 1883 in
2284 1842 2455 1884 thermis
2481 1841 2608 1884 suffo-

463 1927 559 1955 care
588 1914 784 1966 cupiens,
825 1924 910 1949 una
947 1923 1043 1949 cum
1078 1918 1213 1948 matre
1250 1909 1426 1948 eosdem
1463 1911 1600 1963 patria
1631 1910 1812 1963 expulit,
1852 1909 2052 1965 solusque
2079 1911 2170 1950 vice
2200 1909 2376 1951 basilisci
2401 1913 2518 1951 noxii
2543 1923 2608 1951 re-

462 1993 618 2036 gnans,
647 1978 856 2032 populum
887 1974 1163 2017 ineffabiliter
1191 1974 1444 2016 constrinxit.
1516 1976 1604 2030 Qui
1630 1977 1800 2030 pondus
1829 1977 1934 2017 illati
1961 1977 2161 2019 facinoris
2193 1978 2347 2020 diutius
2375 1979 2486 2018 ferre
2511 1990 2607 2035 pon

459 2048 605 2093 valens
648 2045 1050 2090 Wolodouueium,
1099 2044 1172 2096 qui
1208 2042 1392 2095 potestas
1429 2046 1643 2084 exercitus>
1667 2047 1991 2100 interpretatur,
2033 2058 2058 2085 a
2091 2046 2269 2087 Polenia
2305 2046 2414 2087 clam
2450 2059 2606 2087 vocans

362 2103 366 2109 Ἰ
396 2114 397 2117 '
463 2113 651 2169 aspidem
678 2121 932 2153 venenatam
959 2109 1120 2164 absque
1151 2111 1267 2148 omni
1295 2109 1400 2163 legis
1427 2113 1586 2163 pietate
1613 2110 1709 2152 suos
1739 2123 2012 2163 tractantem,
2048 2112 2232 2153 hunc'in
2259 2111 2401 2152 sedem
2430 2111 2605 2156 basilisci

462 2181 598 2228 illius,
636 2179 680 2218 id
710 2177 768 2218 est
796 2179 1026 2226 Bolizlaui,
1068 2176 1236 2216 deiecto
1267 2190 1320 2216 eo
1350 2175 1722 2231 consanguinitatis
1752 2179 1862 2220 linea
1901 2190 1943 2219 et
1970 2181 2136 2233 pietatis
2167 2178 2323 2219 affectu
2350 2181 2607 2219 unanimiter

463 2249 647 2290 electum
677 2246 915 2286 collocavit.
981 2245 1051 2283 De
1087 2257 1176 2297 quo
1211 2257 1301 2282 rem
1338 2257 1467 2284 unam
1504 2245 1796 2285 incredibilem
1835 2248 1958 2296 dico,
1996 2245 2070 2286 sed
2096 2260 2187 2286 non
2216 2246 2339 2285 alicui
2368 2245 2606 2286 Christiano

463 2314 740 2363 imitabilem,
776 2311 896 2366 quod
923 2310 992 2350 hic
1019 2326 1240 2366 nunquam
1269 2310 1354 2350 fine
1383 2321 1491 2363 potu
1519 2325 1650 2350 unam
1678 2311 1829 2353 horam
1854 2313 2085 2366 perdurare
2114 2312 2301 2362 valuerit.
2363 2311 2447 2351 Sed
2472 2312 2608 2351 Boliz-

466 2383 581 2430 laus,
612 2396 722 2437 quae
754 2380 843 2421 sola
870 2382 938 2420 via
963 2380 1091 2434 fugae
1118 2381 1255 2432 patuit
1284 2379 1339 2418 ad
1366 2380 1611 2418 Heinricum
1640 2379 1956 2428 marchionem,
1985 2382 2058 2434 qui
2084 2383 2299 2433 proximus
2329 2382 2367 2419 ei
2397 2391 2495 2419 tunc
2523 2380 2614 2419 fue·

466 2460 553 2499 rat,
585 2449 855 2504 confugiens,
883 2458 1059 2502 propter
1087 2447 1224 2487 illatas
1254 2444 1328 2485 fibi
1357 2448 1528 2486 iniurias
1560 2446 1612 2486 ab
1643 2460 1697 2486 eo
1726 2459 1869 2500 captus
1902 2447 1984 2497 est,
2022 2446 2298 2502 postmodum
2328 2449 2425 2501 quia
2454 2445 2610 2500 hospes

468 2529 524 2557 eo
553 2516 805 2566 advenerat,
835 2513 1018 2555 dimiss'us
1049 2515 1104 2555 ad
1133 2516 1415 2568 aequivocum
1442 2512 1563 2552 suum
1593 2516 1835 2568 amitaeque
1862 2515 1993 2554 filium
2023 2517 2068 2554 in
2092 2512 2315 2554 scelerib‘us
2343 2527 2610 2567 comparem,

467 2583 567 2625 licet
594 2582 864 2623 facultatibus
895 2583 1133 2635 disparem,
1172 2582 1282 2619 vitae
1311 2579 1529 2618 dumtaxat
1558 2593 1708 2618 amore
1732 2584 1924 2632 perrexit,
1986 2579 2066 2620 Iste
2088 2579 2126 2633 6)
2157 2590 2299 2621 autem
2327 2583 2487 2635 potiori
2515 2580 2612 2621 usu,

469 2649 646 2692 consilio
674 2650 729 2690 ad
756 2651 920 2705 Regem
946 2647 1206 2689 Ratisbonae
1237 2645 1375 2685 adbuc
1403 2657 1742 2686 commorantem
1771 2647 2061 2700 proficiscens,
2092 2662 2187 2686 cum
2218 2646 2365 2686 humili
2393 2635 2616 2687 subiectio-

468 2732 526 2759 ne
554 2729 597 2759 et
634 2717 751 2758 fideli
779 2714 1050 2770 promissione
1090 2714 1201 2754 hunc
1229 2717 1273 2754 in
1302 2715 1540 2754 Dominum
1569 2714 1718 2769 elegit,
1759 2724 1801 2753 et
1830 2729 1939 2767 quae
1966 2713 2193 2768 postulavit
2222 2714 2275 2753 ab
2305 2729 2359 2756 eo
2386 2717 2432 2755 in
2458 2713 2615 2755 benefi-

474 2788 584 2828 cium
612 2781 854 2841 acquifivit,
872 2794 928 2846 (et
955 2782 1122 2825 habitus
1147 2784 1192 2823 in
1222 2780 1418 2823 omnibus
1449 2783 1663 2822 caritative
1687 2783 1911 2822 revertitur
1938 2795 2035 2821 cum
2061 2781 2177 2824 bona
2202 2795 2324 2835 pace.

2492 2916 2615 2958 Dum

517 3078 757 3127 5)Br1‘zacln.
802 3074 1047 3114 Probabiliter
1068 3074 1294 3123 Bruchsal
1285 3088 1324 3110 m
1355 3074 1570 3124 episcopatu
1593 3073 1764 3124 Spirensi.
1815 3075 1979 3111 Mascov.
2010 3074 2050 3110 in
2073 3073 2218 3109 Comm.
2245 3072 2290 3110 de
2312 3074 2418 3110 rebus
2441 3075 2469 3111 1.
2491 3075 2538 3111 R.
2564 3076 2611 3113 G.

610 3148 649 3183 Ρ.
663 3144 738 3179 ¹¹3
779 3133 1008 3171 Adelboldus
1031 3132 1143 3168 habet
1166 3134 1365 3177 Brusellae
1424 3134 1507 3168 Vrs.

521 3203 563 3250 6)
586 3204 664 3240 Iste
686 3201 734 3241 sc.
757 3205 1031 3242 wlodoweium
1075 3203 1286 3240 adelboldo
1312 3202 1446 3239 dicitur
1467 3203 1750 3243 Blademariue.
1800 3203 1886 3240 Vre.
