2800 3554
422 250 515 308 398
1186 239 1444 291 Dithmari
1482 239 1797 294 Chronicon.

417 372 583 401 morem
620 357 864 399 Romanum
901 357 1127 414 diligenter
1161 359 1286 407 finiri.
1313 362 1382 416 38)
1435 361 1620 402 Advenit
1656 363 1793 416 optati
1829 363 2034 417 temporis
2071 362 2348 414 acceleratio,
2389 371 2433 406 ot
2465 361 2558 407 Rex

415 428 637 467 Heinricus
666 439 692 466 a
717 440 829 481 papa
857 428 1090 469 Benedicto
1102 458 1116 478 ,
1150 430 1224 483 qui
1263 439 1364 470 tunc
1401 443 1505 485 prae
1534 431 1708 470 caeteris
1739 427 2065 473 antecess‘oribus
2101 431 2180 473 suis
2208 433 2390 472 maxime
2417 430 2559 472 donna

415 493 621 544 nabatur,
657 493 799 535 mense
832 493 1064 535 Februario
1100 497 1146 538 in
1180 494 1285 536 urbe
1312 496 1526 537 Romulea
1564 510 1660 536 cum
1695 494 1903 537 ineffabili
1939 495 2106 539 honoro
2132 497 2374 554 suscipitur,
2413 508 2456 538 et
2484 496 2558 538 atl-

417 573 590 603 vocatus
606 565 679 603 Sti.
697 562 810 602 Petri
833 564 988 602 meruit
1010 562 1115 607 fieri.
1134 565 1200 615 39)
1256 564 1435 618 Et.quia
1463 563 1518 604 de
1538 562 1721 607 secunda
1749 567 1838 605 eius
1865 563 2137 608 ordinatione
2158 565 2412 621 loquuturus
2443 563 2556 614 sum,

416 630 626 671 condecet
650 644 747 671 eum
777 646 846 670 rne
872 632 986 684 prius
1014 629 1215 677 laudare,
1244 631 1300 671 de
1328 634 1445 671 cuius
1475 629 1558 670 hoc
1582 634 1697 672 venit
1723 634 1909 687 gratuito
1937 634 2138 683 munere',
2167 643 2212 673 at
2238 633 2435 689 magistet
2458 645 2559 688 gen-

413 699 519 737 tium
547 713 628 740 nos
657 698 852 740 hortatur
882 697 1062 738 Paulus:
1099 700 1198 738 Deo
1222 700 1350 751 patri
1373 712 1492 753 prae
1521 700 1722 748 omnibns
1748 710 1792 740 ec
1819 703 1867 740 in
1898 701 2135 753 omnibus-,1
2147 702 2349 755 fratres,
2381 702 2562 754 gracias

411 768 536 819 agite
548 782 572 814 ,··
604 767 720 808 haec
756 766 815 810 esi
845 768 962 806 enim
989 766 1204 806 voluntas
1233 769 1326 806 eins
1351 769 1401 806 in
1431 765 1599 806 Chr-illo
1627 768 1719 820 lesit
1744 769 1943 808 Domino
1980 768 2154 820 nostro:
2189 770 2282 808 iure
2318 766 2559 808 laudandus

409 832 468 873 est
498 847 521 873 a
546 834 699 886 nobis,
736 837 810 890 qui
845 833 1028 875 multum
1066 834 1224 888 profuit
1259 834 1385 875 nobis
1422 847 1599 874 munere
1638 844 1681 875 et
1717 837 1852 890 gratia
1880 840 2042 877 aeterni
2069 839 2191 892 regis.
2249 835 2472 876 Heinricut
2501 844 2562 876 eta-

410 904 525 942 enim
561 902 653 943 Rex
689 900 907 944 ecclesiam
942 901 1114 942 adauxit
1151 901 1341 943 nostram
1376 901 1518 942 multis
1546 901 1817 953 utilitatibus,
1854 906 2042 959 inprimis
2074 904 2218 943 divino
2249 913 2479 958 apparatu,
2517 911 2562 944 et

412 969 468 1010 de
501 970 697 1012 omnibus
728 969 937 1020 curtibus,
968 984 1071 1024 quas
1106 973 1151 1012 in
1177 969 1412 1025 Thuringia
1440 979 1484 1010 et
1511 971 1556 1010 in
1582 971 1766 1012 Saxonia
1798 971 1969 1020 habuit,
2009 972 2118 1012 duas
2143 971 2268 1013 nobis
2298 970 2471 1011 tradidit
2497 969 2561 1011 fa·

409 1037 562 1080 milias.
616 1038 893 1094 Evangelium
922 1051 1029 1078 auro
1065 1047 1111 1078 et
1144 1037 1292 1078 tabula
1332 1046 1531 1079 ornatum
1570 1036 1758 1079 eburnea
1796 1049 1841 1079 et
1876 1040 2053 1081 calicem
2082 1053 2257 1079 aureum
2287 1048 2415 1093 atque
2443 1051 2560 1093 gem-

409 1115 573 1146 matum
607 1121 705 1147 cum
742 1107 888 1161 patina
916 1114 960 1146 et
987 1103 1123 1145 fistula
1145 1108 1236 1159 40),
1275 1118 1418 1146 cruces
1455 1103 1562 1145 duas
1597 1115 1641 1145 ot
1676 1105 1882 1160 ampullas
1910 1110 1976 1160 4¹)
2010 1120 2061 1147 ex
2096 1098 2276 1162 argento
2313 1107 2467 1156 factas,
2514 1114 2558 1146 et

407 1186 613 1228 magnum
651 1174 825 1216 calicem
862 1187 914 1213 ex
950 1172 1107 1212 eodem
1142 1172 1319 1212 metallo
1357 1184 1455 1211 cum
1491 1174 1637 1225 patina
1670 1171 1791 1212 simul
1831 1187 1879 1214 ac
1905 1173 2039 1214 fistula
2068 1173 2200 1215 dedit.
2265 1173 2486 1231 Quicquid.
2510 1174 2556 1215 in

404 1241 587 1294 praediis
615 1240 669 1284 ab
697 1238 1026 1286 antecellor-ibus
1054 1242 1161 1281 meis
1186 1238 1431 1294 neglectum
1456 1248 1550 1278 erat
1576 1248 1809 1293 praecepto
1837 1250 2076 1283 renovarat.
2471 1271 2474 1273 -

927 1382 1083 1442 *Quem
1109 1387 1288 1429 laudant
1314 1387 1475 1442 superi,
1503 1400 1758 1429 veneremur
1782 1401 1862 1430 nos
1893 1401 2069 1444 quoque
2097 1387 2205 1431 servi
2353 1390 2424 1432 ⁴⁰⁸

807 1471 1057 1512 promentes
1083 1470 1234 1526 dignas
1259 1468 1413 1512 nostris
1449 1482 1501 1509 ex
1527 1469 1728 1513 cordibus
1759 1469 1888 1512 odas.x

808 1550 878 1592 Est
906 1549 975 1591 hic
999 1560 1189 1605 namque
1216 1551 1335 1591 Deus
1361 1552 1495 1591 trinus
1503 1578 1520 1597 ,
1558 1552 1605 1598 in
1632 1550 1791 1591 deitate
1814 1550 1888 1591 sed
1914 1565 2048 1602 unus,

803 1631 857 1672 Et
883 1631 969 1672 line
997 1645 1085 1687 quo
1113 1631 1253 1689 trullus
1280 1641 1453 1688 regnat,
1482 1632 1602 1672 Deus
1629 1630 1702 1672 ille
1730 1631 1938 1688 benignus

806 1712 949 1768 Atque
977 1712 1143 1755 bonum
1169 1711 1404 1760 summum,
1434 1712 1652 1768 depellens
1683 1726 1812 1754 omne
1839 1715 2061 1763 nocivum,

802 1791 1000 1852 Largitur
1027 1794 1178 1842 coelo,
1208 1807 1320 1851 quae
1346 1793 1524 1849 prosunt
1552 1792 1774 1840 omnibus,
1802 1793 1904 1836 alto.

2391 1870 2551 1916 curam

442 2078 506 2126 ω)
531 2077 885 2126 diligenterxfintri'.
931 2079 1039 2124 Quae
1058 2077 1123 2114 hic
1145 2088 1359 2119 narrantur,
1392 2091 1520 2116 eorum
1549 2079 1765 2116 memoriam
1796 2090 1892 2114 unu·
1928 2076 2078 2114 servavit
2109 2077 2312 2114 Ditmarus.
2358 2074 2431 2112 Sed
2462 2076 2549 2124 quia

538 2136 675 2171 dicitur
695 2137 877 2172 Henricus
909 2149 971 2173 rex
1000 2134 1202 2184 promifisse
1222 2135 1427 2170 Benedicto
1451 2137 1620 2186 expulso,
1652 2150 1736 2171 curn
1761 2136 1835 2184 ipse
1858 2137 2018 2171 Romam
2041 2134 2212 2173 veniffet.
2246 2131 2388 2168 causam
2412 2129 2548 2179 axpulfi

536 2194 725 2242 pontilicis
737 2194 956 2241 secundum
977 2205 1121 2228 morem
1144 2194 1356 2227 Romanum
1379 2192 1588 2241 dlligenter
1601 2193 1740 2242 finiri,
1772 2192 1927 2228 Sollerio
1951 2191 2146 2228 mendosus
2171 2190 2315 2226 videtur
2337 2191 2398 2226 hic
2425 2189 2547 2228 locus,

535 2261 572 2287 et
592 2251 636 2285 ab
659 2264 702 2286 eo
727 2253 767 2287 iu
792 2251 1005 2286 Comment.
1025 2250 1075 2284 ad
1098 2251 1211 2284 vitam
1235 2250 1271 2286 S.
1294 2252 1445 2286 Henrici
1470 2263 1507 2286 n.
1528 2263 1601 2295 127.
1627 2263 1663 2299 p.
1681 2259 1756 2295 738.
1780 2250 1890 2298 plane
1912 2250 1951 2284 in
1977 2249 2129 2284 dubium
2153 2259 2314 2284 vocatur.
2369 2246 2440 2280 Sed
2473 2256 2546 2280 tex-

510 2339 513 2342 .
534 2321 594 2345 tus
621 2308 718 2344 Cod.
741 2306 854 2344 nostri
877 2308 972 2343 bene
996 2306 1030 2342 se
1052 2307 1185 2346 habet,
1210 2316 1246 2342 et
1269 2319 1323 2342 res
1347 2307 1399 2344 est
1422 2310 1571 2355 integra.
1617 2310 1819 2357 Imperator
1842 2321 1885 2343 eo
1910 2306 1988 2356 ipso
2014 2319 2112 2340 anno
2138 2311 2232 2348 ποιά.
2258 2303 2379 2339 mense
2397 2301 2550 2337 Februa-

537 2368 592 2406 rio
617 2367 658 2416 in
682 2365 831 2402 balilica
854 2366 1038 2401 Vaticana
1058 2377 1134 2400 una
1157 2376 1242 2399 eum
1264 2365 1461 2414 pontifice,
1499 2364 1756 2413 iudicibusque
1789 2364 1935 2404 federis,
1972 2363 2052 2398 lites
2078 2363 2247 2397 Romana
2280 2361 2356 2407 lege
2387 2359 2551 2398 diremit,

537 2425 690 2472 eiusque
722 2425 900 2459 exercitae
933 2423 1201 2460 iurisdictionis
1235 2421 1373 2469 infigne
1406 2423 1614 2472 exemplum
1647 2422 1797 2458 servavit
1821 2422 1928 2469 Hugo
1949 2418 2124 2456 Farfenfis
2148 2420 2269 2454 Aboas
2294 2431 2350 2468 ap.
2374 2416 2547 2454 Mabille-
2568 2454 2571 2456 ,

535 2484 642 2523 nium
664 2482 712 2516 T.
728 2482 794 2517 lv.
818 2482 1018 2518 Annalium
1043 2481 1139 2518 ord.
1160 2481 1198 2516 S.
1221 2480 1414 2515 Benedicti
1438 2482 1478 2516 in
1499 2480 1671 2529 Append.
1696 2493 1734 2516 n.
1754 2480 1907 2515 XXVII.
1931 2491 1968 2528 p.
1983 2490 2062 2524 7⁰¹·
2113 2477 2191 2513 Urs.

426 2555 506 2601 039)
532 2558 669 2588 metuit
681 2552 790 2600 fieri.
839 2552 936 2588 Cod.
958 2554 1068 2588 Brux.
1095 2553 1300 2599 appellari.
1351 2551 1430 2586 Urs·

446 2629 505 2670 40)
531 2635 613 2659 cum
637 2626 776 2666 patina
801 2622 910 2658 dedit
935 2633 970 2658 et
983 2621 1136 2670 fistula.
1181 2619 1315 2657 Fistula
1338 2620 1383 2655 al.
1410 2621 1808 2667 calarnuefiactort'us.
1833 2619 1934 2654 cuius
1958 2630 2068 2667 opera
2091 2617 2216 2652 viuum
2242 2628 2262 2650 e
2282 2614 2392 2649 calice
2409 2625 2430 2648 a
2449 2625 2548 2648 com-

480 2694 486 2700 ·
538 2681 813 2718 manicantibus
848 2680 1109 2720 hauriebatur,
1141 2677 1244 2728 quod
1276 2674 1554 2726 intelligendum
1588 2676 1641 2712 est
1675 2677 1720 2712 de
1754 2677 2016 2712 communione
2048 2673 2109 2709 sub
2142 2683 2323 2723 utraque,
2354 2671 2546 2706 Diaconus

536 2741 635 2775 enim
659 2738 789 2773 tenena
815 2737 970 2774 fistulam
995 2738 1090 2773 intra
1114 2737 1285 2776 calicem,
1314 2735 1537 2784 propinabat
1560 2735 1687 2773 vinum
1710 2732 1899 2772 fidelibus,
1932 2743 1972 2767 ut
2006 2732 2160 2781 quisque
2184 2730 2333 2765 admoto
2358 2742 2419 2764 ore
2451 2726 2549 2774 suge·

538 2805 656 2833 ret'ex
682 2795 755 2831 alio
780 2795 918 2832 fistulae
942 2795 1082 2845 capite.
1119 2794 1307 2842 hodieque
1340 2791 1499 2827 summus
1530 2789 1699 2841 pontifex
1731 2791 1921 2827 Romanus
1948 2789 2080 2824 sacram
2107 2787 2253 2835 synaxin
2280 2785 2457 2821 accedens
2481 2785 2546 2820 tali

536 2854 654 2891 fistula
678 2855 805 2890 utitur.
819 2854 846 2870 ‘¹‘
861 2855 966 2890 Piam
992 2854 1037 2890 de
1058 2852 1133 2890 hoc
1157 2853 1269 2888 calice
1294 2852 1517 2888 Henriciano
1542 2850 1702 2885 fabulam
1726 2847 1893 2896 exposuit
1917 2848 2124 2884 Gobeliuus
2148 2845 2304 2882 Persona
2329 2844 2366 2879 in
2391 2843 2547 2879 cosmo-

539 2914 657 2949 drom.
684 2912 784 2962 a‘pud
807 2898 985 2948 Meibom'.
1009 2913 1058 2947 T.
1077 2913 1104 2948 l.
1130 2926 1164 2961 p.
1183 2920 1257 2957 259.
1310 2913 1390 2950 Urs,
1423 2928 1466 2935 —
1503 2906 1685 2956 Ignorasse
1716 2904 1862 2941 videtur
1891 2903 2042 2941 Ursinus
2076 2903 2295 2952 peculiarem
2325 2901 2456 2936 librum
2486 2900 2543 2935 Io.

542 2973 675 3018 Vogtil
696 2970 780 3011 hist.
804 2969 942 3007 fistulae
965 2968 1223 3006 eucharisticae
1245 2988 1289 2998 -
1313 2983 1355 3005 ex
1387 2968 1606 3015 antiquitate
1637 2964 1760 3002 eccles.
1793 2975 1828 2999 et
1860 2962 2093 3013 lc'riptoribus
2119 2961 2231 3002 medii
2254 2959 2332 2994 aevi
2357 2956 2551 2993 illustrat-a.>

439 3066 443 3068 .
535 3029 721 3066 nrm-v
743 3042 783 3065 aa·
891 3031 985 3066 We.-

445 3100 505 3145 41)
530 3041 744 3143 amma?
760 3086 763 3090 ⁵
780 3036 951 3135 Elilitores
976 3097 1065 3134 salso
1091 3088 1260 3144 capulus.
1309 3097 1390 3133 Nec
1418 3095 1531 3144 magis
1560 3106 1656 3132 recte
1685 3094 1810 3144 paullo
1833 3092 1915 3144 post
1938 3093 2051 3129 iidem
2074 3104 2140 3141 pro
2167 3086 2461 3137 antecqfforibue
2485 3086 2546 3123 de-

541 3157 673 3192 derunt
697 3159 1012 3208 intercqfforthus.
1062 3159 1141 3195 Urs.
2192 3167 2193 3170 ¹
2504 3168 2520 3176 ν
