2800 3554
2350 266 2415 299 vu

295 402 401 439 tem
441 384 613 437 multis
653 381 782 432 locis
834 382 1116 430 restitutam
1167 388 1280 426 esse
1319 372 1605 440 Episcopo,
1663 372 1893 440 pluribus
1940 372 2117 423 adlatis
2165 377 2408 446 exemplis

250 545 255 551 .
294 496 635 547 demonstravi
676 495 733 542 in
773 489 1006 557 Aligem.
1046 486 1280 536 literar.
1327 485 1598 550 Anaeiger
1635 493 1773 540 1801.
1820 499 1871 532 n.
1907 501 1986 549 77.
2031 486 2283 536 veriorem
2324 505 2412 538 au.

292 619 398 658 tem
429 604 732 663 lectionem,
772 613 868 648 suo
911 611 1173 664 quamque
1213 594 1335 643 loco
1375 594 1447 640 ita
1478 594 1651 658 recepi
1681 594 1737 640 in
1771 604 2090 655 contextum,
2135 606 2193 644 ut
2236 608 2406 648 tamen

294 714 383 764 diu
416 704 614 765 temere⁸
638 717 943 778 propagatae
972 703 1186 754 lectioni
1220 702 1398 752 locum
1426 702 1484 751 in
1513 704 1650 751 notis
1684 700 2018 768 adsignarem.

419 926 495 975 Ex
526 939 592 975 eo
624 924 797 990 igitur,
833 919 985 989 quale
1006 919 1190 971 Codici
1205 918 1491 971 Dresdensi
1520 920 1742 986 pretium
1774 917 2104 969 statuendum
2134 921 2223 982 sit,
2254 919 2406 972 facile

281 1032 598 1099 intelligitur.
678 1031 1007 1096 Quamquam
1055 1033 1195 1081 enim
1245 1032 1416 1096 ipsum
1455 1025 1715 1078 Dithmari
1756 1027 2126 1094 autographum
2147 1083 2150 1087 ,
2170 1045 2283 1080 esse
2323 1031 2405 1080 vix

288 1140 616 1201 crediderim,
660 1140 898 1188 omnium.
922 1150 1119 1200 tamen,
1165 1154 1297 1205 quos
1340 1152 1483 1186 nunc
1523 1138 1785 1196 novimus,
1835 1139 2271 1203 antiquissimum,
2318 1153 2403 1189 eo-

285 1249 533 1316 demque,
570 1263 676 1315 quo
707 1226 1003 1296 Dithmar'us
1036 1248 1181 1305 vixit,
1215 1243 1394 1293 seculo
1427 1255 1687 1293 exaratum
1719 1259 1831 1293 esse
1865 1260 1984 1292 cum
2013 1246 2126 1310 ipsa
2157 1245 2405 1311 scriptura

284 1355 465 1415 docet,
505 1367 615 1403 tum
656 1354 917 1403 Werneri
949 1364 1142 1396 manus.
1164 1350 1428 1412 Episcopi,
1474 1350 1565 1412 qui
1602 1349 1699 1395 sub
1741 1348 1900 1397 finem
1942 1349 2104 1398 seculi
2141 1351 2403 1402 undecimi

282 1457 531 1506 ecclesiae
572 1454 790 1522 praefuit
829 1465 1060 1516 nostrae,
1109 1452 1491 1521 Codicemque,
1533 1458 1609 1502 uti
1652 1470 1747 1521 ego
1794 1454 2006 1521 quidem
2052 1459 2302 1519 conficio,
2345 1460 2402 1508 in

240 1603 249 1610 ,
278 1565 499 1631 privatos
539 1580 661 1613 usus
706 1562 1015 1629 descriptum
1044 1559 1293 1614 A'bbatiae
1324 1562 1376 1612 S.
1409 1564 1547 1612 Petn'
1585 1565 1642 1611 in
1685 1561 1933 1612 suburbio
1974 1577 2182 1626 nostro,
2224 1564 2396 1616 Alten-

278 1669 409 1738 burg
445 1669 609 1734 dicto,
655 1689 686 1720 a
726 1688 784 1721 se
814 1646 1059 1722 fundatae
1088 1673 1241 1720 morti
1273 1673 1594 1738 propinquus
1632 1673 1689 1720 in
1727 1674 1807 1720 sui
1839 1674 2143 1721 memoriam
2174 1656 2392 1742 relique-

276 1790 390 1840 rat;
441 1782 610 1846 ipsum
661 1782 799 1830 enim
841 1779 1097 1828 Dithmari
1144 1778 1496 1846 autographon
1509 1817 1524 1842 ,
1580 1779 1724 1847 quod
1771 1759 2115 1832 bibliothecae
2168 1782 2391 1849 Capituli

276 1899 407 1949 erat,
441 1888 749 1939 Wernerum
781 1886 976 1938 donare
1006 1903 1108 1938 nec
1137 1887 1385 1949 voluisse,
1428 1903 1527 1937 nec
1558 1890 1790 1954 potuisse
1819 1891 2118 1956 putaverim.
2147 1925 2151 1927 -
2194 1889 2391 1940 Dolen-

264 1989 396 2044 ¹dum
430 2007 625 2057 tamen,
665 1995 767 2044 hoc
798 1995 995 2044 donum
1026 2013 1058 2045 a
1088 1995 1354 2045 monachis
1387 1997 1460 2044 ita
1489 1994 1805 2062 negligenter
1835 1995 2093 2058 habitum,
2139 2010 2199 2047 ut
2230 1996 2390 2063 ἀκέφα-

268 2115 344 2154 λον
377 2106 462 2165 sit,
504 2115 562 2152 ut
600 2116 737 2153 totus
776 2106 1045 2170 quaternio
1077 2107 1307 2171 perierit,
1350 2115 1409 2152 ut
1441 2106 1663 2154 exterior
1693 2120 1869 2170 margo
1904 2103 2184 2171 aliquando
2216 2104 2385 2156 laesus

267 2211 577 2274 imveniamr,
618 2227 752 2279 quae
794 2215 970 2260 omnia
1013 2225 1187 2261 tamen
1229 2227 1294 2262 ex
1333 2210 1531 2262 Codice
1569 2212 1927 2277 Antverpiensi
1968 2215 2024 2260 in
2065 2212 2166 2261 hac
2207 2224 2383 2261 nostra

266 2315 494 2367 editione
534 2321 857 2368 restituimus.
952 2319 1194 2370 Ceterum
1233 2334 1344 2367 non
1386 2318 1570 2371 eadem
1608 2319 1807 2386 ubique
1849 2335 2055 2381 manus,
2099 2314 2394 2369 majoribus

264 2428 534 2475 maximam
577 2439 801 2492 partem,
850 2427 1027 2494 quales
1071 2431 1128 2476 in
1172 2425 1373 2476 adiecto
1412 2429 1692 2494 scripturae
1736 2429 2017 2494 specimine
2059 2430 2382 2494 conspiciun-

266 2544 372 2593 tur,
415 2536 471 2581 in
509 2533 684 2587 medio
726 2534 1010 2584 minoribus
1053 2538 1206 2587 etiam
1246 2534 1425 2596 literis,
1470 2547 1522 2585 et
1550 2538 1672 2584 satis
1716 2534 1974 2601 eleganter
2012 2549 2242 2585 exaratus
2277 2548 2378 2599 est,

264 2652 296 2684 a
339 2637 503 2686 scriba
544 2651 715 2690 tamen
755 2643 968 2692 Latinae
1010 2642 1217 2709 linguae
1257 2659 1369 2691 non
1406 2642 1527 2692 satis
1563 2645 1755 2710 pedm,
1805 2646 1895 2709 qui
1936 2643 2091 2693 verba
2133 2642 2377 2707 dictando

266 2746 557 2808 praeeuntis
610 2762 719 2794 non
764 2763 968 2816 semper
1014 2763 1156 2801 recte
1206 2749 1429 2800 reddidit
1454 2769 1468 2798 z
1518 2753 1719 2817 scripsit
1770 2753 1918 2825 enim,
1959 2750 2230 2817 aliquoties
2281 2764 2375 2816 pro

262 2854 506 2917 egregius
535 2877 602 2888 -—
634 2858 868 2920 egreius,
918 2873 1016 2923 pro
1048 2861 1217 2909 scelus
1246 2887 1312 2898 —
1342 2859 1511 2919 zelus,
1564 2872 1722 2945 porro
1766 2845 1987 2926 spatium
2027 2862 2163 2908 inter
2205 2857 2375 2906 literas

259 2957 342 3008 vel
373 2970 553 3021 tenue,
591 2959 674 3010 vel
714 2960 915 3011 nullum
953 2964 1184 3032 reliquit,
1231 2967 1460 3058 ideoque
1501 2965 1607 3015 duo
1639 2965 1796 3016 verba
1825 2968 1883 3014 in
1916 2983 2078 3014 unum
2114 2964 2375 3023 conflavit,

259 3067 577 3134 compendiis
620 3071 774 3118 etiam
818 3069 1078 3121 scribendi
1117 3090 1241 3124 usus
1285 3086 1364 3125 est
1406 3073 1586 3124 crebro
1599 3109 1614 3135 ,
1668 3089 1804 3138 quae
1845 3071 2054 3119 dubiam
2094 3068 2372 3135 aliquando

2194 3175 2372 3225 lectio-
