2800 3554
384 300 430 334 «κ
449 271 556 358 '146
1224 287 1480 341 niumm-i
1513 284 1853 341 Chronica·

590 413 672 456 Hic
706 424 804 455 cum
839 412 883 454 se
918 411 964 453 in
991 407 1240 467 Merseburg
1267 420 1441 466 optatae
1479 402 1613 466 quieti
1649 409 1916 466 indulgeret,
1951 407 2180 461 Esse-onem
2204 412 2272 467 32)
2305 410 2597 462 venerandum

458 485 661 527 comitem
687 481 819 537 longa
848 479 1089 522 infirmitate
1118 487 1314 518 vexatum
1339 480 1470 519 vitam
1496 476 1607 519 hanc
1633 480 1678 521 in
1704 478 1902 521 Luibizic
1924 477 1991 529 33)
2019 476 2150 520 finisse
2177 483 2397 536 comperit.
2459 481 2596 524 nain·

460 565 615 606 corpus
653 549 881 590 adveniens
923 546 1009 603 ipse
1045 545 1225 600 suscepit
1261 554 1305 586 et
1342 543 1578 587 honorifice
1612 545 1780 600 sepeliri
1821 550 1938 588 iuxta
1983 535 2199 589 ecclesiam
2231 548 2362 591 sancti
2397 549 2599 592 Iohannis

456 616 667 674 Baptistae
695 619 739 658 in
767 613 1082 672 septentrionali
1115 622 1236 668 parte
1271 615 1511 667 praecepit,
1548 627 1629 668 pro
1667 616 1784 656 cuius
1824 617 1991 656 annuae
2024 614 2217 657 remedio
2245 618 2465 672 quoddam
2493 620 2603 659 eius·

457 686 558 728 dem
583 685 807 741 praedium
835 684 1039 737 Uppufim
1058 681 1123 734 34)
1155 681 1426 722 nominatum
1454 693 1552 722 cum
1580 681 1844 724 candelabris
1874 681 2043 723 duobus
2072 687 2279 737 argenteis
2309 685 2430 727 altari
2455 685 2602 728 sancto

455 766 500 798 et
529 753 810 795 confratribus
838 752 998 793 ibidem
1026 751 1126 791 Deo
1153 747 1456 791 famulantibus
1485 748 1615 790 dedit.
1676 748 1850 805 Insuper
1884 750 2120 805 Uuigbmo
2150 750 2319 792 antistiti
2345 763 2603 796 mercatoroe

454 833 498 864 et
525 821 707 863 Iudaeos
738 819 897 875 apellas
926 821 1016 872 35),
1046 832 1070 859 a
1103 817 1287 870 Gffilero
1315 818 1508 870 primitus
1540 815 1764 872 acquisitos
1793 831 1844 858 ac
1872 818 1946 858 diu
1975 827 2282 870 commutatos,
2309 819 2506 863 reddidit.
2532 819 2601 873 56)

454 891 717 932 comitatum
746 886 869 940 super
895 884 1145 941 Merseburg
1174 895 1217 926 et
1242 884 1495 927 beneficium
1522 885 1580 925 ad
1606 883 1720 926 hunc
1745 886 1962 940 pertinens
1985 885 2272 934 Barchardo,
2300 896 2343 926 et
2368 885 2492 941 super
2513 886 2603 930 1111.

453 957 579 999 urbes
621 958 734 995 iuxta
771 953 951 995 Mildam
986 952 1163 994 fluvium
1196 951 1351 1007 pofitas
1397 952 1672 994 niedbemo
1712 951 1964 994 beneficium
2004 950 2213 993 conceffit.
2284 953 2426 995 Omne
2462 964 2607 996 autem

452 1024 678 1081 praedium
706 1020 782 1062 fibi
818 1021 978 1061 iudicio
1013 1022 1198 1062 retinuit.
1263 1022 1523 1061 Heinricum
1558 1021 1760 1061 comitem
1796 1031 1820 1059 a
1857 1017 2047 1059 custodia
2077 1018 2317 1060 absolutum
2345 1036 2442 1062 cum
2470 1023 2606 1076 gratia

453 1092 570 1133 abire
604 1091 832 1145 praecepit.
885 1089 1001 1128 Sicut
1030 1086 1197 1128 sanctae
1225 1091 1368 1130 matris
1398 1085 1597 1130 ecclesiae
1627 1099 1832 1143 prospera
1859 1085 2061 1140 spirituali
2092 1087 2281 1128 eiusdem
2307 1088 2420 1143 proli
2448 1089 2505 1129 ad
2532 1102 2605 1130 au·

447 1158 635 1216 gentiam
663 1154 812 1196 Christi
842 1154 1024 1209 gloriam
1054 1154 1148 1196 sunt
1175 1154 1499 1210 praeloquenda
1526 1158 1609 1210 37),
1638 1157 1698 1195 ita
1725 1152 1917 1195 eiusdem
1945 1153 2199 1195 detrimenta
2228 1155 2283 1196 ad
2310 1157 2602 1211 compunctio·

446 1241 548 1270 nem
576 1222 892 1280 provocandam
925 1220 1023 1262 huic
1050 1221 1144 1263 sunt
1173 1222 1433 1269 enarranda3
1462 1224 1564 1276 quia
1591 1220 1698 1261 haec
1726 1223 1919 1262 unanimi
1946 1221 2134 1272 laetitia,
2160 1220 2236 1262 ista
2265 1234 2408 1264 autem
2435 1221 2604 1265 moesti-

448 1297 508 1336 tia
543 1295 636 1348 pari
669 1288 974 1345 conquerenda
1015 1299 1057 1330 et
1093 1289 1216 1329 molli
1253 1290 1457 1344 patientia
1493 1286 1590 1331 sunt
1628 1286 1682 1328 ab
1720 1285 1801 1327 hnc
1833 1285 2088 1332 sufferenda.
2154 1289 2205 1330 ln
2235 1291 2604 1332 Pachelbrunmm

447 1359 755 1403 monasterium
785 1367 827 1397 et
853 1358 988 1397 omnis
1019 1356 1211 1397 eiusdem
1241 1366 1466 1411 apparatus
1495 1357 1557 1409 38)
1584 1355 1781 1405 flamma,
1817 1352 1989 1395 nostrae
2015 1356 2248 1410 iniquitatis
2275 1356 2422 1407 ultrix,
2458 1357 2606 1399 consu·

448 1443 593 1478 mens,
625 1426 861 1478 multorum
889 1425 1020 1466 corda
1046 1424 1237 1464 fidelium
1267 1426 1522 1473 commovit,
1553 1436 1664 1477 quae
1694 1435 1818 1463 arnor
1845 1421 2012 1462 divinae
2037 1425 2392 1466 remunerationis
2421 1424 2476 1464 ad
2503 1423 2611 1467 haee

449 1494 699 1537 renovanda
727 1495 1013 1535 communiter
1045 1491 1252 1533 accendit.
1314 1488 1455 1530 Posita
1494 1489 1553 1532 est
1583 1493 1712 1531 etiam
1738 1492 1783 1531 in
1810 1489 1938 1538 loco,
1974 1491 2048 1544 qui
2083 1491 2374 1533 Throcmmmi
2397 1486 2465 1545 39)
2505 1491 2607 1533 dici·

241 1570 306 1605 An.
326 1573 422 1611 ¹005.
450 1573 543 1610 tur,
580 1575 734 1617 magna
763 1560 972 1616 synodus,
1005 1557 1079 1598 ubi
1107 1559 1197 1599 Rex
1227 1558 1490 1612 coepiscopis
1517 1556 1894 1612 praesentibusque
1930 1559 2089 1599 cunctis
2126 1558 2308 1612 plurima
2338 1558 2507 1616 questus
2545 1557 2606 1600 est

281 1611 377 1649 ιδ·
450 1629 622 1674 sanctae
650 1626 850 1671 ecclesiae
879 1627 1222 1670 inconvenientia
1230 1655 1250 1678 ,ι
1284 1636 1327 1667 et
1356 1627 1577 1669 communi
1607 1623 1846 1667 eorundem
1882 1622 2059 1668 confflio
2094 1623 2201 1668 haec
2233 1625 2377 1670 statuit
2405 1627 2604 1681 deinceps

2257 1681 2275 1701 ‘
2505 1706 2605 1750 pro-

426 1797 444 1803 ·
496 1791 559 1837 32)
582 1787 797 1836 Eficonem.
820 1786 928 1824 ‘Sine
952 1785 1071 1823 dubio
1091 1784 1183 1833 Afic
1208 1787 1343 1822 Comes
1364 1786 1407 1824 in
1426 1787 1576 1824 Necrol.
1603 1787 1654 1823 ad
1673 1792 1734 1829 28..
1752 1783 1857 1831 Iulii,
1890 1784 1934 1821 in
1952 1785 2089 1822 necrol.
2112 1783 2291 1823 Verdenfi
2313 1784 2447 1833 Eficue
2470 1786 2602 1824 comae.

601 1846 708 1883 Wed.

496 1919 560 1966 53)
583 1918 772 1953 Luibizie.
826 1916 887 1952 Sic
917 1913 1106 1964 perspicue
1129 1925 1268 1948 nomen
1293 1914 1332 1948 in
1359 1912 1455 1949 cod.
1479 1914 1548 1949 Dr.
1573 1899 1972 1962 scriptum‘invenitur.
2022 1913 2244 1950 Reineeciuo
2267 1913 2410 1962 aptius,
2441 1914 2606 1964 quamvin

588 1987 632 2011 ex
655 1974 826 2020 ingenio,
858 1972 1002 2020 Lipfic,
1037 1970 1139 2019 quod
1163 1971 1274 2007 etiam
1297 1970 1485 2006 Leibuitio
1511 1981 1548 2006 et
1569 1971 1610 2006 in
1634 1980 1735 2005 textu
1759 1979 1795 2006 et
1817 1971 1858 2007 in
1882 1971 2082 2008 emendatt.
2106 1984 2143 2021 p.
2168 1971 2262 2006 1006.
2294 1971 2449 2019 placuit,
2481 1973 2538 2008 cui
2569 1982 2607 2009 et

590 2043 658 2080 ego
682 2030 800 2066 multo
825 2029 1011 2066 lubentius
1037 2027 1262 2069 aceefferim,
1287 2040 1398 2076 quam
1419 2027 1708 2075 Gundlingianis
1727 2028 1767 2063 P.
1787 2036 1841 2073 35.
1866 2041 1903 2078 p.
1922 2029 2000 2073 326.
2021 2027 2045 2064 s.
2072 2041 2165 2077 quae
2188 2026 2336 2077 copiose
2352 2028 2531 2065 Ltebntca
2550 2029 2607 2066 vel

590 2084 821 2124 Labeschzez
844 2086 892 2122 ad
915 2087 950 2122 ss.
974 2086 1144 2122 Muldam
1170 2085 1386 2121 defendunt.
1439 2085 1585 2121 Horum
1616 2084 1818 2121 sententiae
1847 2086 1946 2122 favet
1977 2099 2128 2134 quoque
2149 2095 2278 2120 auctor
2299 2083 2383 2120 libri
2409 2084 2454 2120 de
2476 2086 2605 2134 palati-

591 2155 684 2181 natu
708 2145 841 2180 Saxon.
868 2157 904 2192 p.
920 2143 975 2178 26.
1010 2145 1122 2178 Anu.
1147 2143 1243 2178 saxo
1269 2155 1303 2190 p.
1326 2147 1372 2186 40
1396 2166 1404 2175 .
1430 2141 1543 2176 habet
1564 2142 1743 2182 Ltubtzt,
1772 2142 1908 2179 rectius
1929 2142 2071 2179 Libui.
2117 2143 2161 2177 In
2187 2141 2376 2176 Chronico
2399 2142 2604 2191 episcopor.

593 2199 749 2239 Merseb.
775 2215 834 2250 ap.
858 2200 1015 2248 Ludwig
1037 2201 1084 2235 T.
1101 2201 1167 2236 lV.
1191 2213 1226 2248 p.
1243 2206 1319 2244 3257.
1346 2150 1403 2235 eb
1420 2201 1530 2235 etiam
1555 2198 1777 2245 Lubefithisz.

503 2274 568 2320 34)
595 2272 784 2317 Uppusun.
830 2269 925 2305 Cod.
943 2271 1147 2305 Brux.non
1161 2269 1386 2315 praedium,
1409 2269 1471 2307 sed
1483 2269 1732 2315 prafidium.
1781 2267 1990 2316 Obbausen
2013 2266 2064 2304 est
2085 2267 2186 2303 vicus
2212 2280 2294 2302 cum
2317 2266 2469 2314 praedio
2491 2279 2607 2317 prope

595 2328 724 2364 urbem
748 2326 1013 2373 Quersurtum,
1044 2340 1086 2363 ex
1117 2339 1189 2374 quo
1215 2325 1464 2374 praepositura
1489 2325 1616 2373 templi
1642 2324 1862 2360 cathedralis
1885 2323 2187 2372 Mersehnrgenfi·
2211 2333 2411 2372 proventu·
2433 2325 2609 2374 percipit,

594 2384 684 2423 teste
707 2385 874 2421 Brotufio
898 2386 936 2419 in
962 2384 1103 2420 Chron.
1127 2397 1163 2432 p.
1179 2390 1258 2428 478.
1305 2382 1356 2418 cf.
1376 2392 1411 2418 et
1434 2382 1613 2429 Ludewig
1633 2381 1657 2416 l.
1677 2395 1708 2417 c.
1732 2395 1770 2430 p.
1784 2387 1865 2428 348.
1913 2381 1993 2418 Urs.
2470 2377 2474 2380 ⁴

507 2460 570 2505 55)
595 2457 759 2504 apellas.
802 2457 890 2492 Vox
913 2456 952 2491 in
978 2454 1119 2491 Codice
1143 2454 1261 2495 erasa,
1281 2453 1373 2489 hinc
1395 2466 1416 2489 a
1438 2454 1642 2488 Reineccio
1664 2452 1811 2494 omissa,
1841 2451 1911 2499 legi
1935 2462 2059 2488 tamen
2083 2451 2205 2488 adhuc
2226 2449 2360 2501 potest.
2411 2448 2608 2489 consentit

573 2538 576 2540 -
602 2525 751 2564 quoque
774 2513 872 2550 cod.
895 2513 1164 2548 Leibnitianus.
1213 2512 1295 2547 Urs.
1317 2527 1364 2540 -
1385 2508 1448 2547 Est
1469 2523 1516 2546 ex
1534 2511 1681 2546 Horatii
1704 2511 1817 2546 Serm.
1834 2513 1871 2551 Ι,
1895 2520 1928 2555 5.
1956 2523 2034 2546 too.
2087 2510 2175 2547 Wa.

507 2587 577 2634 36)
595 2582 781 2621 reddidit.
826 2580 975 2618 testatur
995 2582 1059 2617 hic
1081 2582 1204 2622 locus,
1227 2565 1500 2627 Merslbingpm
1523 2580 1696 2615 inclitum
1719 2581 1809 2616 olim
1832 2581 1936 2616 luiss'e
1959 2579 2175 2629 emporium.
2214 2570 2305 2615 'Ura

507 2658 570 2703 37)
592 2652 899 2702 praeloquentia.
951 2651 1094 2698 Frigida
1119 2650 1200 2686 satis
1223 2652 1321 2686 hanc
1343 2648 1562 2685 sententiam
1585 2661 1703 2685 mutat
1727 2650 1824 2685 cod.
1848 2652 1946 2693 Brux
1966 2648 2037 2685 fic:
2059 2649 2338 2697 spiritualibus
2346 2645 2453 2694 filiis
2475 2648 2532 2685 ad
2551 2654 2610 2686 δ’»

603 2710 781 2758 citandos
803 2711 901 2757 ipsos
928 2709 981 2744 ad
1000 2710 1170 2755 gloriam
1189 2710 1222 2743 I.
1251 2710 1291 2743 C.
1311 2706 1439 2753 [ῥοπῇ
1464 2713 1546 2742 eius
1556 2709 1655 2754 sunt
1675 2708 1980 2755 praeloquenda.
2031 2708 2110 2743 Urs.

511 2784 576 2829 38)
599 2791 828 2828 apparatus,
851 2778 957 2816 addit
979 2780 1076 2815 Anu..
1099 2779 1214 2814 Saxo:
1243 2783 1309 2823 qm·
1333 2786 1416 2812 erat
1437 2790 1681 2825 permagnus.
1731 2780 1816 2815 Urs.

513 2854 576 2902 39)
606 2853 871 2889 Throtmunni.
916 2847 977 2884 Est
998 2849 1234 2889 Dortmund,
1266 2848 1357 2889 five,
1391 2846 1432 2883 ut
1455 2847 1570 2884 hodie
1592 2849 1722 2884 Latine
1748 2848 1900 2890 dicitur,
1942 2848 2167 2888 Tremoru'a,
2199 2847 2285 2883 urbs
2309 2844 2507 2896 imperialis
2531 2858 2610 2896 per·

604 2910 779 2958 antiqua,
809 2908 851 2942 in
872 2905 1127 2956 Westphaliae
1152 2907 1342 2942 Comitatu
1365 2907 1553 2942 Marcano.
1604 2906 1753 2942 Nomen
1779 2908 1810 2941 ei
1837 2905 1962 2941 datum
1987 2919 2008 2941 a
2032 2905 2195 2954 quodam
2218 2905 2295 2940 viro
2320 2902 2466 2945 illustri,
2500 2905 2611 2941 Trut-

603 2979 765 3007 manuo,
799 2977 910 3014 quem
933 2963 1087 3001 Carolus
1104 2964 1159 3002 M.
1183 2963 1392 2999 saxonibus
1417 2964 1465 2998 ad
1490 2962 1624 2999 Christi
1655 2963 1869 3011 religionem
1898 2963 2084 3012 perductis
2114 2963 2287 2999 comitem
2319 2960 2512 2999 deditsan.
2532 2970 2610 3005 788.

579 3067 581 3069 ¹
603 3023 693 3062 teste
717 3021 917 3071 diplomate
942 3034 998 3070 ap.
1022 3021 1268 3058 Meibomium
1291 3022 1378 3057 Rer.
1403 3021 1527 3057 Germ.
1551 3022 1597 3055 T.
1614 3022 1640 3055 1.
1666 3023 1792 3069 p.f›89.
1840 3020 2094 3057 Diverfimode
2117 3019 2282 3054 scribitur
2304 3018 2350 3054 ab
2372 3016 2551 3055 historicis
2576 3029 2614 3055 et

605 3082 646 3117 in
672 3079 956 3130 diplomatibus:
986 3080 1305 3119 Druthmannia„
1328 3077 1586 3116 Trotmumla‚
1625 3078 1889 3117 Trudmunde,
1924 3079 2008 3113 urbs
2039 3078 2266 3114 Troemanm'
2289 3075 2380 3111 cet.'
2410 3091 2442 3113 v.
2470 3078 2610 3113 Chron.

609 3138 787 3174 Gottwic.
811 3150 847 3186 p.
866 3146 946 3181 5¹5.
988 3137 1239 3184 Antiquitates
1268 3136 1378 3172 huius
1411 3135 1510 3172 urbis
1540 3135 1682 3184 prolixe
1715 3135 1909 3184 explicavit
1937 3135 2055 3172 Ditm.
2085 3133 2289 3171 Mulherm.
2346 3134 2389 3171 cf.
2422 3134 2611 3172 Schatenii

607 3192 699 3231 113ss.
723 3193 927 3244 Westphd.
950 3194 1031 3232 Lib.
1049 3195 1130 3231 Vll.
1154 3207 1191 3244 p.
1208 3201 1286 3241 589.
1336 3195 1418 3230 Urs.

1729 3253 1744 3277 l
