2800 3554
208 828 277 865 An.
297 837 394 878 ¹0¹3·

432 194 525 246 190
651 194 662 202 ”
1194 176 1451 229 Dithmari
1485 177 1801 249 chronicon.

426 296 505 340 fibi
539 297 751 341 subditum
787 298 982 343 manibus
1022 298 1192 342 elevatis
1231 311 1329 339 cum
1365 297 1511 354 spiritu
1551 303 1822 344 committens
1857 301 1909 346 11.
1942 303 2059 351 Nori.
2088 304 2306 361 Febr-Asa)
2343 307 2567 356 defunctus

426 370 587 422 pergit,
629 381 716 423 quo
754 371 897 410 vivens
933 369 1127 414 tetendit,
1184 368 1338 408 Fuerat
1365 371 1479 409 enim
1506 382 1615 411 unus
1645 383 1696 411 ex
1723 384 1904 412 numero
1934 387 2107 427 eorum,
2147 391 2256 433 quos
2285 387 2333 418 ut
2360 378 2495 422 nubes
2524 390 2572 422 et

428 433 545 488 quast
574 436 794 478 columbas
821 436 1037 492 Propheta
1065 439 1240 476 miratur
1266 435 1360 476 fuas
1387 436 1533 478 volare
1562 438 1616 478 ad
1643 437 1858 480 fenestras.
1912 439 1988 482 me
2017 445 2130 484 enim
2166 445 2225 486 ob
2261 445 2498 502 vigiliarum
2526 454 2658 496 “2397

424 503 574 550 ieiunii
602 501 904 556 affiduitatem,
946 506 1049 545 dum
1078 502 1219 543 adhuc
1245 504 1424 553 valeret,
1463 503 1579 560 quast
1613 515 1805 547 mortuus
1843 509 2001 562 ignotis
2035 509 2270 559 videbatur.
2332 513 2401 553 Ad
2438 513 2571 556 altaro

426 567 689 610 dominicum
717 587 937 628 nunquam
964 571 1049 613 fine
1078 570 1366 613 oblationibus
1396 571 1583 620 acceffit;
1612 571 1790 614 affiduus
1820 575 2209 629 popuii1monitor,
2239 589 2282 620 et
2308 579 2450 622 hilaris
2480 591 2615 623 oman

424 635 549 678 nibus
578 638 708 679 arrifit
737 641 873 681 dator.
926 640 964 680 Is
995 654 1093 694 erga
1121 639 1264 678 Deum
1292 642 1553 692 promeruit,
1576 641 1706 695 »quod
1731 644 1842 683 inter
1869 647 2091 687 continuas
2119 649 2282 702 piratae
2306 647 2482 691 furentis
2510 652 2573 692 in·

425 704 636 748 cursiones
663 706 782 749 sedes
811 707 884 749 sua
913 704 1115 749 hactenus
1144 703 1371 762 permansit
1396 708 1569 749 intacta.
2228 730 2230 732 >

556 841 725 886 Interea
750 845 843 885 Rex
880 843 936 885 de
963 843 1132 893 Alszidi
1159 840 1402 891 discedens,
1442 841 1517 884 u'bi
1536 843 1825 899 Epiphaniam
1852 847 2033 888 Domini
2070 846 2321 898 celebravit,
2359 856 2403 890 et
2435 847 2575 891 Bolin-

423 908 513 949 laui
548 915 728 954 nuncios
764 924 916 967 pacem
951 920 1176 967 poscentes
1215 921 1258 951 et
1294 910 1662 953 confirmationem
1693 926 1789 952 cum
1816 917 2065 968 Mffecone,
2108 915 2298 956 eiusdem
2334 915 2449 967 filio,
2482 915 2575 966 fieri

403 981 720 1032 ,promittentes
744 979 924 1029 audivit,
957 979 1013 1019 ad
1031 977 1280 1034 Merseburg
1299 985 1365 1029 89)
1394 983 1533 1027 venit,
1562 990 1605 1018 et
1630 979 1790 1020 ibidem
1818 981 2024 1034 praedicti
2049 981 2244 1024 antistitis
2267 982 2433 1024 obitum
2461 995 2578 1024 com—

420 1047 553 1099 perit,
590 1056 635 1086 et
662 1045 775 1089 hunc
802 1050 993 1103 queritur
1027 1046 1084 1087 ob
1112 1046 1377 1100 praesentem
1403 1047 1612 1094 fructum,
1654 1048 1888 1102 gratulatur
1925 1059 2068 1090 nutem
2107 1060 2286 1104 propter
2325 1050 2579 1107 subsequere·

426 1122 515 1152 tem
544 1116 854 1165 interventum,
883 1114 1228 1155 recordationem
1248 1116 1345 1154 eius
1367 1113 1643 1168 ‘summopere
1671 1117 1842 1157 faciens.
1896 1115 2102 1159 Posthaec
2127 1122 2275 1159 transit
2304 1133 2329 1160 a
2355 1118 2504 1171 nobis,
2533 1127 2578 1159 et

423 1180 763 1234 purificationem
799 1182 967 1224 sanctae
995 1182 1082 1221 Dei
1113 1183 1329 1236 genitricis
1364 1183 1412 1222 -in
1445 1183 1742 1239 Magada'burg
1772 1182 2030 1234 «celebravit,
2070 1195 2113 1225 et
2148 1187 2195 1226 in
2230 1185 2317 1239 ipsa
2358 1186 2428 1227 die
2452 1198 2576 1240 prae-

423 1249 559 1290 dictus
594 1249 754 1297 Oddo,
799 1249 958 1289 clericis
987 1248 1287 1289 comitantibus
1318 1262 1375 1287 ·ac
1409 1248 1554 1296 laicis,
1588 1250 1767 1304 'supplex
1797 1253 1944 1299 venit,
1984 1261 2028 1290 et
2062 1251 2190 1305 Regis
2230 1256 2435 1307 gratiam,
2471 1250 2575 1293 ficut

422 1320 560 1370 prius,
598 1317 653 1357 ad
681 1316 1017 1370 completionem
1039 1317 1266 1357 *electionis
1294 1329 1371 1368 per
1394 1314 1507 1356 'fidos
1538 1317 1827 1358 intercess'ores
1855 1316 2054 1371 postulat.
2114 1319 2241 1374 'Quos
2270 1321 2362 1361 Reii
2395 1317 2577 1361 nullate-

421 1398 502 1425 nus
531 1385 673 1435 audit,
712 1384 786 1425 sed
815 1384 1038 1439 capellano
1066 1383 1222 1423 ‘suimet
1248 1383 1446 1422 ›Unuano
1469 1385 1541 1436 90)
1565 1398 1671 1424 scum
1694 1385 1827 1426 <laude
1848 1385 2194 1436 advenientium,
2234 1385 2308 1427 etfi
2334 1399 2426 1427 non
2452 1384 2579 1440 spon-

423 1461 571 1503 tanea,
603 1455 894 1507 episcopatum
931 1452 1072 1499 dedit;
1113 1450 1345 1491 Oddonem
1372 1464 1451 1504 per
1473 1457 1632 1492 manus
1658 1451 1888 1507 'suscipiens
1916 1462 1959 1493 et
1985 1451 2185 1507 promiss'a
2214 1453 2290 1494 fibi
2317 1457 2476 1510 pietate
2504 1453 2580 1493 de-
2609 1467 2618 1472 ·

421 1519 626 1561 mulcens.
680 1521 803 1560 Tunc
828 1517 932 1560 iuffu
961 1521 1070 1573 regis
1102 1529 1145 1558 et
1169 1517 1404 1572 praesentia
1425 1517 1625 1558 «eiusdem
1645 1533 1677 1558 -a
1702 1520 1880 1560 Get-one
1899 1518 2215 1574 mrchipraesule
2243 1536 2341 1562 curn
2364 1519 2576 1563 'consensu

421 1597 467 1627 et
495 1588 652 1628 auxilio
684 1591 986 1642 episcoporum
1012 1586 1261 1627 Ekkihardi
1293 1595 1338 1625 et
1367 1579 1587 1639 'Thnrgaci
1603 1589 1674 1640 ⁶91)
1703 1588 1862 1629 Unuan
1888 1590 2061 1642 ungitur
2080 1586 2398 1641 archiantistes,
2441 1599 2486 1631 et
2510 1592 2575 1633 in-

421 1653 630 1710 terpositis
663 1655 812 1698 diebus
839 1659 983 1711 paucis
1011 1657 1176 1706 Miseco
1198 1653 1411 1696 Bolizlaui
1432 1653 1546 1695 ‘filius
1567 1657 1639 1708 92)
1660 1669 1765 1697 cum
1789 1657 1957 1710 vmagnis
1990 1656 2165 1697 veniens
2192 1656 2463 1710 muneribus,
2487 1658 2575 1700 Re-

2495 1726 2579 1809 2...

461 1895 525 1943 88)
547 1896 761 1931 Dominica
784 1892 868 1929 dies
888 1911 932 1920 -
954 1894 1012 1932 It.
1035 1894 1130 1930 Non.
1156 1892 1263 1928 Febr.
1317 1889 1488 1940 Expren'·
1515 1890 1565 1929 fic
1594 1893 1706 1929 babet
1740 1891 1834 1929 Cod.
1867 1893 2004 1931 Dresd.
2053 1892 2135 1931 'Sed
2163 1884 2383 1942 vignolius,
2399 1887 2573 1939 'notante

548 1952 737 1989 Leibnitio
770 1951 810 1986 in
833 1952 1043 1987 Emendatt.
1068 1964 1104 2001 p.
1131 1952 1227 1987 1006.
1261 1949 1309 1985 ad
1339 1959 1473 1985 nutum
1495 1951 1628 1987 Adami
1651 1949 1854 1986 Bremenfis
1887 1946 2029 1999 optima
2059 1953 2203 1988 ratione
2234 1953 2332 1988 hanc
2355 1948 2573 1993 lectionem,
2606 1948 2610 1955 ⁸

549 2022 661 2058 quam
685 2010 795 2044 etiam
819 2008 951 2043 Annal.
976 2010 1070 2045 Saxo
1095 2023 1129 2058 p.
1144 2011 1222 2056 425.
1250 2019 1286 2043 et
1310 2007 1516 2055 Chronogr.
1540 2009 1635 2044 Saxo
1657 2021 1692 2057 p.
1710 2013 1786 2052 224.
1812 2008 2014 2048 retinuere.
2047 2011 2190 2052 reiecit,
2221 2021 2258 2046 et
2281 2023 2348 2060 pro
2372 2023 2415 2046 ea
2436 2009 2572 2046 rectius
2595 2019 2597 2021 '

550 2065 736 2102 substituit
759 2067 803 2102 11.
828 2067 932 2102 Non.
954 2068 1127 2102 Ianuarii.
1184 2065 1265 2114 Ipsa
1288 2065 1448 2100 Ditmari
1471 2066 1581 2100 verba
1603 2066 1691 2101 huie
1714 2065 1967 2101 emendationi
1991 2066 2127 2102 favent.
2183 2068 2373 2103 Livizom‘s
2395 2066 2572 2102 nimirum

550 2123 630 2159 dies
662 2124 874 2160 emortualis
908 2134 985 2159 erat
1017 2124 1099 2159 dies
1121 2124 1338 2162 dominica.
1366 2133 1412 2157 :at
1440 2124 1486 2158 11.
1511 2123 1611 2158 Non.
1634 2122 1734 2157 Febr.
1760 2124 1849 2158 anni
1877 2132 1972 2166 1013.
1997 2123 2198 2158 secundum
2221 2123 2364 2159 Freheri
2385 2121 2571 2158 Directoff.

549 2182 718 2217 chronol.
744 2181 1027 2231 diplomaticum
1046 2189 1178 2230 μηδι.
1199 2193 1282 2216 nou
1306 2180 1344 2215 in
1372 2180 1528 2228 primam
1541 2193 1559 2220 ‚0
1578 2177 1638 2215 sed
1662 2191 1830 2228 quartam
1845 2179 2093 2216 hebdomadis
2111 2180 2211 2215 diem
2230 2178 2383 2220 incidit,
2403 2177 2572 2220 ILNon.

548 2240 710 2292 ianuarii
735 2250 863 2298 contra
885 2239 987 2275 cadit
1010 2241 1050 2276 in
1076 2239 1172 2274 diem
1199 2237 1441 2298 dominicam:
1490 2239 1569 2273 Urs.
1600 2263 1603 2266 -

454 2311 519 2358 89)
543 2300 599 2346 dd
620 2310 825 2357 Mersburg
845 2315 967 2345 venit.
1011 2311 1114 2345 Haec
1137 2307 1259 2345 omifit
1284 2313 1377 2344 Anu.
1403 2310 1512 2344 Saxo·
1563 2302 1642 2343 Um.

454 2383 522 2428 90)
547 2384 723 2418 Unuano.
770 2380 989 2416 Helmoldus
1017 2381 1158 2416 Chron.
1183 2378 1321 2415 Slavor.
1345 2379 1425 2429 Lib.
1443 2379 1469 2412 Ι.
1504 2389 1533 2412 c.
1556 2389 1606 2421 17.
1653 2377 1853 2413 Unvauum
1878 2377 1938 2412 his
1963 2375 2134 2412 laudibus
2159 2385 2283 2410 ornat:
2316 2375 2402 2411 Erat
2426 2370 2570 2410 elarini·

539 2452 601 2474 mo
625 2451 755 2486 genere
781 2437 978 2480 oriundus,
1004 2448 1191 2486 praeterea
1216 2437 1317 2473 dives
1341 2446 1378 2472 et
1400 2436 1537 2483 largus.
1571 2435 1744 2471 omnibus
1769 2434 1983 2470 hominibus
2009 2444 2201 2482 acceptus,
2234 2432 2331 2469 clero
2357 2442 2481 2468 autem
2504 2442 2567 2479 ap-

539 2496 657 2543 prIme
680 2495 916 2530 benevolens.
968 2497 1056 2530 'Urs-

451 2566 516 2613 91)
539 2566 760 2601 Ekkthardz·
783 2576 818 2600 et
846 2564 1049 2612 Tlrurgaei.
1094 2563 1160 2599 Ille
1181 2563 1434 2606 Slesvicenfis‚
1457 2563 1520 2600 hic
1541 2561 1847 2609 Aldenburgenfis
1869 2562 2081 2610 episcopus.
2117 2561 2196 2596 Urs.
2218 2577 2264 2587 -
2284 2558 2460 2608 Episcopi
2484 2556 2570 2594 sunt

544 2624 709 2659 Slesvici
740 2633 776 2658 et
800 2624 964 2662 Scarae.
997 2635 1154 2670 quorum
1187 2621 1249 2658 ille
1282 2623 1377 2659 obiit
1408 2635 1440 2659 2.
1466 2622 1559 2667 Aug.
1583 2621 1680 2656 1026.
1710 2620 1772 2654 hic
1803 2620 1858 2664 ²4·
1883 2619 2008 2654 Martii
2037 2627 2134 2662 1029.
2166 2612 2364 2664 Necrol032
2388 2613 2567 2652 nostrum.

544 2683 650 2718 Errat
673 2679 845 2720 Ursinus,
872 2679 933 2728 qui
957 2680 1189 2726 Thurgatum
1214 2678 1444 2725 Oldenburgi
1469 2678 1684 2726 episcopum
1709 2686 1815 2711 creat.
1861 2676 2028 2710 Nomina
2053 2674 2254 2722 primorum
2280 2673 2405 2709 decem
2428 2674 2572 2723 episco-

488 2738 510 2755 ‘³
545 2730 680 2790 porum
713 2738 816 2775 istius
847 2737 948 2773 urbis
981 2735 1134 2773 servavit
1160 2735 1379 2772 Helmoldns
1406 2735 1550 2772 Chron.
1574 2733 1714 2772 slavor.
1738 2733 1819 2771 Lib.
1832 2735 1860 2769 1.
1885 2745 1917 2769 c.
1931 2733 1987 2780 69
2038 2725 2246 2782 Episcopus
2268 2731 2380 2767 huius
2402 2730 2585 2766 nomini&

547 2798 694 2834 scoriae
719 2811 818 2834 anno
845 2797 993 2833 demum
1021 2804 1115 2840 ¹¹¹5-
1139 2805 1305 2830 mortuus
1330 2792 1391 2830 est.
1452 2792 1563 2829 Wed.

459 2869 527 2917 92)
550 2875 653 2916 regis
677 2866 852 2917 efficitur.
899 2868 938 2913 Si
956 2866 1094 2903 lectio:
1130 2867 1245 2910 Regis
1273 2867 1384 2901 miles
1417 2863 1584 2912 efficitur
1615 2863 1654 2899 in
1683 2863 1904 2900 collectione
1933 2860 2157 2898 variantium
2188 2858 2385 2907 exeruplari
2406 2856 2570 2894 D'itrnaaei

544 2925 700 2963 restituti
725 2926 907 2975 adscripta
930 2926 1042 2962 etiam
1064 2925 1103 2960 in
1139 2922 1216 2972 ipso
1244 2923 1338 2959 Cod.
1364 2924 1432 2959 Dr.
1459 2921 1631 2961 exstaret.
1666 2923 1804 2958 Riteeri
1835 2920 2006 2956 refutatio
2037 2918 2293 2967 explicationis
2324 2915 2426 2951 voci·
2456 2915 2569 2950 miles

545 2998 610 3034 per
632 2985 831 3030 vasallum
854 2984 874 3019 l.
897 2998 927 3020 c.
952 2997 988 3032 p.
1014 2996 1072 3019 ιιι
1097 2981 1121 3018 s.
1151 2982 1388 3025 hunc-etiam
1412 2981 1536 3016 locum
1561 2980 1773 3027 attingeret;
1814 2978 1874 3015 sed
1901 2977 1997 3014 Cod.
2023 2977 2133 3012 m1'les
2154 2989 2230 3011 nou
2255 2973 2384 3013 habet,
2408 2984 2477 3007 nec
2499 2983 2567 3006 un-

550 3055 660 3092 quam
684 3041 832 3082 habuit,
870 3043 956 3090 quia
979 3042 1184 3088 Chronogr.
1211 3040 1306 3088 Saxo
1331 3053 1366 3089 p.
1387 3047 1464 3084 224.
1498 3039 1609 3074 etiam
1642 3039 1798 3085 ignorat.
1853 3037 1968 3084 Regis
1991 3029 2157 3084 efficitur
2178 3030 2229 3069 est
2251 3032 2388 3067 amicus
2412 3030 2488 3066 eiu·
2511 3028 2561 3064 fit.

547 3102 647 3137 Anu.
671 3101 769 3137 Saxo
795 3110 937 3142 tamen.
961 3098 1096 3140 fateor.
1122 3098 1287 3135 militem·
1301 3097 1425 3135 habet.
1477 3097 1557 3134 Urs.
2037 3114 2042 3118 ’
2283 3119 2285 3121 -
