2800 3554
425 151 521 224 ⁸70
1179 136 1437 200 Dithmari
1472 149 1786 202 chronicon.

415 273 647 319 fecundum
674 271 824 313 suimet
851 269 1054 325 placitum
1082 259 1346 325 respondere·
1376 271 1468 313 non
1503 260 1754 324 p‘otuiil'ent,
1789 261 1940 311 reverii
1975 263 2070 310 sunt
2105 267 2228 320 irati,
2268 280 2375 324 pace
2407 273 2569 315 tamen?

416 342 473 385 ad
498 353 661 396 tempus
689 341 823 389 facta;
851 348 895 380 et
923 351 1020 380 cum
1050 352 1124 380 eos
1157 337 1434 394 sequerentur
1457 337 1520 381 nil
1549 338 1650 379 mali
1676 329 1912 392 spei-antes,
1939 336 2097 378 Heimo
2121 336 2426 379 Uuirdunenfis
2456 340 2563 392 epis-

416 423 547 464 copus
581 418 624 448 et
653 406 737 447 dux
772 405 1048 454 vaiedrious,
1091 405 1270 448 latentes
1309 405 1476 449 infidias
1515 403 1744 460 improviso
1780 407 1969 453 irruunt,
2008 413 2052 444 et
2085 407 2229 459 paucis
2260 401 2562 459 effugientibus
2637 453 2639 458 Ι

417 490 513 517 cum
543 476 773 530 episcopis,
812 474 1024 515 interfecti
1053 472 1148 514 sunt
1174 473 1620 516 innumerabiles-viri.
1675 473 1775 514 Dux
1809 470 1881 511 ille
1918 473 2043 512 nimis
2077 471 2341 522 vulneratus,
2378 481 2422 512 et
2458 474 2560 527 quia
2604 478 2649 520 38

416 543 574 584 amicus
606 554 757 583 eorum
783 540 885 591 fuit,
915 550 1062 595 captus
1093 539 1318 582 abducitur
1346 551 1390 584 et
1416 541 1575 583 multos
1605 541 1693 582 dies
1725 536 1970 580 custoditur.
2023 535 2124 578 Post
2149 537 2255 581 haec
2285 540 2393 594 datis
2421 538 2576 582 oblidi·

416 609 496 651 bus
525 608 723 659 solvitur,
763 618 805 649 et
823 622 859 648 .a
887 611 996 662 regis
1026 610 1161 663 gratia
1191 607 1248 648 ob
1277 607 1361 651 hoc
1386 622 1480 666 non
1505 603 1712 651 movetu'r.
1778 605 1921 663 [Anno
1959 604 2078 647 dom.
2117 607 2319 652 incarnat.
2357 608 2577 651 Milefimo

419 676 687 720 Bernhardus
717 675 802 715 dux
832 674 1041 717 Corbeiae
1072 673 1208 731 obiit]
1241 676 1307 730 7¹)
1352 691 1353 694 ¹
1641 683 1645 690 ¹

210 826 277 860 An,
294 831 392 859 1010.
555 810 721 853 Interea
752 810 1054 851 Herimannus
1083 824 1226 851 comes
1267 820 1309 851 et
1341 810 1611 851 Guncelimts
1637 806 1828 849 marchio
1857 810 2037 850 invicem
2065 818 2272 850 certantes
2301 807 2498 850 inusitato
2528 810 2574 851 in
2599 821 2603 824 ’

250 867 346 903 ⁸⁴·S·
423 877 486 920 his
523 879 783 932 (Saxonum)
821 877 1065 934 regionibus
1105 891 1228 919 more
1260 877 1501 919 conflixere.
1566 878 1764 931 Namque
1794 875 2053 918 Guncelinus
2082 876 2275 916 Screlam
2310 877 2518 916 civitatem
2549 887 2575 915 a

423 946 626 988 militibus
655 947 907 987 Herimanni
935 943 1187 987 custoditam
1214 958 1455 1001 expugnare
1484 943 1675 993 tentans,
1706 953 1749 984 et
1769 943 2074 998 nil·proficiens
2089 972 2102 993 ,
2130 943 2399 983 Roclaolenzi
2424 939 2583 983 urbem*

427 1018 543 1056 iuxta
577 1014 758 1054 Mildam
795 1012 957 1054 flumen
995 1009 1175 1067 politam
1223 1021 1277 1052 et.
1304 1026 1397 1053 non
1433 1012 1545 1053 bene
1581 1011 1791 1066 provisam
1830 1010 2032 1052 incendio
2071 1009 2318 1052 consumere
2352 1010 2587 1064 praecepitc

428 1081 603 1136 Insuper
639 1082 845 1136 quicquid
893 1079 1256 1121 incommoditatis
1297 1079 1518 1133 praedicto
1561 1083 1740 1127 comiti,
1791 1081 1889 1133 quia
1931 1076 2098 1131 semper
2134 1079 2274 1131 patrui
2317 1079 2363 1117 in
2402 1076 2587 1115 fratrum>

430 1148 539 1190 filios
568 1150 626 1203 72)
655 1148 784 1188 severi
812 1147 907 1188 sunt
934 1154 1024 1199 73),
1055 1145 1197 1185 facere
1224 1148 1391 1199 potuit,
1418 1146 1465 1184 id
1490 1146 1732 1187 nullatenus
1760 1143 1928 1186 distulit.
1987 1145 2271 1185 Herimannus
2303 1153 2345 1183 et
2366 1142 2582 1183 Ekkihan-

431 1215 515 1256 dus
544 1214 774 1255 confratres
805 1213 1022 1254 castellum
1050 1212 1274 1267 quoddam
1301 1214 1414 1252 iuxta
1442 1213 1584 1252 Salam
1612 1211 1735 1252 fitum
1760 1213 1825 1263 74)
1839 1241 1854 1262 ,
1896 1211 2016 1265 quod
2045 1211 2303 1253 Guncelinus
2340 1212 2464 1251 unice
2500 1207 2583 1249 fibi<

430 1283 633 1324 dilectum
663 1285 791 1323 muris
823 1293 865 1323 et
891 1279 1102 1336 praesidio
1128 1279 1333 1327 firmavit,
1373 1276 1587 1333 bonisque
1621 1277 1998 1319 innumerabilibus
2034 1277 2233 1331 replevit,
2273 1290 2323 1317 ex
2349 1276 2577 1331 improviso

427 1365 560 1392 :manu
586 1350 726 1390 valida
755 1349 1063 1390 circumdantes
1100 1356 1369 1401 expugnant,
1410 1345 1609 1386 etdivisa
1641 1347 1759 1386 omni
1789 1347 1990 1400 congerie
2015 1344 2213 1384 radicitus
2242 1343 2349 1384 illud
2377 1345 2580 1385 deiiciunt

430 1433 480 1459 ac
498 1417 706 1458 incendio
735 1416 1000 1459 consumunt.
1058 1417 1253 1455 Pervenit
1291 1412 1376 1454 hoc
1411 1414 1466 1453 ad
1503 1427 1624 1453 aures
1657 1414 1809 1467 Regis,
1852 1421 1896 1452 et
1932 1410 2152 1452 confestim
2188 1411 2305 1452 idem
2343 1409 2582 1455 adMerse-

429 1486 540 1542 burg
568 1485 674 1526 haec
704 1484 759 1524 ad
787 1482 1053 1524 discutienda
1078 1483 1336 1537 properavit.
1408 1480 1493 1520 Sed
1532 1494 1628 1519 cum
1666 1479 1827 1519 ibidem
1852 1478 2170 1533 praedictorum
2197 1478 2421 1520 sententias
2451 1480 2582 1519 comi-

433 1563 526 1594 tum
563 1548 940 1600 animadvertisset,
980 1549 1150 1604 culpam
1180 1563 1352 1590 omnem
1382 1547 1623 1589 Guncelino
1650 1549 1854 1601 imputat,
1892 1549 1991 1600 quia
2019 1546 2060 1587 se
2088 1550 2134 1590 in
2162 1546 2302 1588 multis
2330 1548 2444 1600 prius
2473 1544 2593 1600 sper--

435 1630 558 1662 neret
585 1631 627 1660 et
654 1623 699 1660 in
724 1618 845 1658 illato
874 1615 1191 1658 fibi-dedecore
1221 1616 1406 1656 ultorem
1434 1628 1525 1655 non
1549 1613 1816 1667 exspectaret.
1870 1613 2037 1653 Adiecit
2064 1624 2231 1664 autem,
2261 1614 2380 1668 quod
2402 1612 2581 1654 familias

438 1687 673 1729 multorum
700 1686 824 1740 saepe
853 1684 898 1724 id
926 1682 1001 1724 fibi
1027 1685 1297 1738 querentium
1324 1681 1488 1721 Iudaeis
1518 1680 1733 1729 vendidit,
1764 1691 1807 1720 et
1833 1694 1912 1721 nec
1940 1679 2047 1721 iuss'u
2072 1680 2149 1721 suo
2177 1680 2251 1722 has
2271 1681 2472 1730 reddere,
2501 1692 2585 1721 nec

438 1755 661 1795 latrocinia
690 1754 830 1793 multis
859 1766 882 1791 a
912 1752 983 1790 sua
1011 1750 1220 1804 potestate
1249 1750 1448 1788 nocentia
1477 1762 1667 1802 unquam
1698 1750 1856 1788 curavit
1882 1760 2164 1800 compescere.
2216 1747 2390 1802 Insuper
2415 1745 2582 1801 questus

437 1822 520 1872 est,
559 1823 769 1861 maiorem
808 1819 922 1872 apud
949 1818 1216 1858 Bolizlauum
1248 1818 1422 1857 fratrem
1462 1817 1640 1868 gratiam
1678 1813 1880 1854 hactenus
1912 1812 2122 1860 habuisse,
2166 1829 2292 1868 quam
2323 1817 2362 1854 ei
2391 1803 2581 1864 deceret,

439 1900 512 1931 aut
537 1887 612 1927 fibi
639 1886 809 1941 placere
836 1884 1025 1925 deberet.
1093 1886 1148 1924 Hi
1176 1883 1417 1938 praesentes
1446 1891 1589 1934 erant,
1620 1883 1694 1935 qui
1723 1894 1819 1920 cum
1846 1879 2072 1934 semetipfis
2100 1894 2220 1920 reum
2250 1880 2331 1922 ess'e
2358 1880 2582 1922 maiestatis

440 1955 631 1997 accusare
660 1954 898 1994 voluerunt.
922 1954 981 2006 75)
1035 1952 1150 1993 Inter
1175 1962 1241 1993 tot
1267 1950 1594 1991 lamentationes
1618 1949 1675 2002 70)
1707 1958 1749 1988 et
1778 1947 1969 1988 eiusdem
1997 1946 2254 2004 suorumque
2284 1948 2582 1998 excusationes,

343 2056 346 2061 .
385 2072 395 2078 ς
439 2026 678 2079 principum
701 2023 985 2060 communiter
1013 2019 1233 2061 confilium
1261 2034 1285 2058 a
1313 2021 1434 2074 Rege
1469 2019 1708 2072 quaeritur,
1740 2025 1782 2055 et
1812 2015 1865 2056 ab
1894 2015 1956 2058 his
1987 2015 2060 2056 diu
2087 2015 2171 2056 hoc
2195 2017 2354 2058 secrete
2381 2016 2586 2057 volventi·

437 2091 517 2133 bus
531 2120 547 2139 ,
585 2090 724 2131 taliter
763 2086 1064 2143 respondetur:
1107 2088 1312 2138 „Scimus
1338 2087 1592 2139 hunc.erga
1623 2096 1706 2124 vos
1733 2084 1826 2123 iam
1857 2083 2149 2136 excry'abilem
2183 2099 2275 2124 non
2306 2085 2415 2138 effe,
2458 2093 2503 2121 et
2529 2090 2579 2120 uc

2405 2148 2577 2200 vestrae

483 2300 547 2348 71)
573 2298 763 2336 corbeiae
784 2298 892 2334 obiit.
938 2294 1041 2332 Haec
1072 2295 1116 2331 ab
1147 2295 1300 2343 antiqua
1331 2306 1443 2330 manu
1475 2294 1516 2329 in
1546 2292 1708 2339 margine
1739 2290 1902 2327 inferiori
1937 2302 2019 2326 cum
2049 2289 2150 2338 ligno
2173 2289 2382 2325 insertionis
2406 2288 2579 2326 consueto

573 2365 704 2392 notata
726 2355 819 2392 sunt.
866 2353 1084 2390 Reineccius
1106 2350 1367 2401 praetermisit,
1392 2364 1459 2386 nec
1482 2349 1737 2385 Leibnitianus
1763 2349 1879 2383 codex
1901 2348 2023 2383 habet.
2069 2350 2166 2381 Anu.
2191 2357 2314 2382 tamen
2336 2346 2430 2382 Saxo
2453 2359 2488 2395 p.
2503 2354 2584 2393 417,

578 2414 625 2449 ad
649 2426 733 2449 ann.
760 2424 856 2449 1011.
885 2413 1073 2449 Corheiae
1095 2408 1344 2446 Bernhardus
1365 2413 1451 2453 pius
1476 2407 1556 2443 dux
1580 2406 1795 2451 (saxoniae)
1823 2407 1868 2442 V.
1892 2404 1987 2440 Idus
2007 2404 2211 2440 Februarii·
2233 2406 2339 2439 obiit.
2388 2405 2468 2440 Urs.

487 2484 549 2531 72)
571 2488 622 2518 in
624 2482 802 2532 fratrum
815 2481 938 2530 filios.
988 2481 1279 2520 Germanitatem
1303 2478 1455 2514 Eccardi
1479 2478 1506 2512 1.
1538 2476 1767 2512 Marchionis
1790 2477 1950 2512 Misniae
1983 2474 2019 2512 et
2044 2474 2240 2511 Guncelini
2274 2477 2413 2523 optime
2444 2486 2487 2511 ex
2509 2473 2583 2510 ho'c

578 2541 663 2577 loco
685 2539 935 2588 perspicimus.
982 2553 1016 2575 v.
1040 2538 1225 2586 Sagittarii
1247 2536 1340 2573 Dim
1367 2536 1412 2571 de
1435 2532 1598 2569 Eccardo
1615 2535 1641 2568 Ι.
1665 2546 1702 2582 p.
1719 2534 1752 2570 6.
1804 2536 1883 2569 Urs.

491 2611 819 2661 73)sever1‘sunt.
866 2609 962 2649 cod,
985 2609 1053 2643 Dr.
1078 2620 1098 2642 a
1122 2608 1239 2656 prima
1262 2604 1608 2650 manu:saeviunt.
1661 2603 1749 2638 Wa.

492 2685 554 2730 74)
577 2687 691 2718 iuxta
713 2681 847 2717 Sala'm
857 2677 990 2725 ficum.
1043 2678 1194 2713 Nomen
1213 2677 1324 2712 buius
1349 2672 1484 2709 castelli
1512 2671 1635 2708 nullus
1659 2670 1891 2707 historiarum
1914 2671 2087 2707 conditor
2114 2669 2292 2719 prodidit.
2346 2670 2584 2713 Videndum,

581 2751 630 2774 an
651 2728 794 2787 postera
818 2740 915 2771 aetas
938 2734 1032 2774 boc,
1054 2736 1110 2768 uti
1133 2733 1204 2768 alia
1228 2733 1390 2769 Ditmari
1415 2728 1623 2766 obscuriora
1649 2729 1833 2765 detectura
1855 2728 1910 2766 fit.
1957 2731 2062 2764 Forte
2084 2728 2153 2764 fuit
2178 2727 2381 2770 castellum,
2406 2730 2507 2765 cuius
2525 2742 2583 2766 ru-

583 2795 670 2838 dera
693 2794 816 2831 adhuc
836 2790 1201 2842 propfSaalseldum
1226 2788 1513 2839 conspiciuntur.
1563 2788 1643 2823 Urs.

494 2867 554 2914 75)
580 2867 762 2915 accusare
777 2855 1010 2901 votuerunt(
1038 2863 1134 2897 Anu.
1154 2861 1267 2896 Saxo:
1292 2860 1472 2896 Aderant
1496 2858 1554 2893 ibt
1573 2858 1792 2906 praesentes
1816 2856 1991 2905 quidam,
2018 2861 2085 2902 qui
2108 2869 2192 2892 cum
2212 2861 2370 2903 propria
2390 2861 2479 2894 vica
2500 2869 2585 2893 eum

583 2925 657 2974 effe
679 2935 784 2959 reum
808 2918 1024 2964 ”wicstan-r
1047 2919 1246 2967 affirmare
1267 2919 1483 2954 voluerunt.
1535 2917 1615 2951 Urs.

493 2995 555 3041 76)
578 2995 887 3030 lamentationes.
934 2989 1029 3026 Cod.
1053 2990 1161 3024 Brux.
1186 2999 1221 3024 et
1245 2990 1339 3023 Ann.
1365 2988 1460 3024 Saxo
1486 2991 1755 3033 querimonias.
1807 2987 1877 3022 Urs
1920 3004 1963 3011 -—
1998 2991 2079 3023 iam
2103 2985 2372 3033 excusabilem.
2419 2982 2480 3020 sic
2502 2982 2582 3031 lego

581 3051 622 3090 in
646 3050 751 3090 Cod„
764 3051 832 3087 Dr.
855 3049 990 3086 rectius
1011 3055 1116 3096 puto.
1159 3046 1331 3089 Editores
1356 3054 1441 3081 ante
1463 3057 1522 3080 me
1543 3044 1862 3091 inexcusabilem.
1918 3044 2006 3080 Wa.

2794 835 2800 845 α
2786 772 2800 798 ¹..1¹
2792 666 2800 733 -ὴ,
2798 647 2800 650 .
2797 628 2800 635 .,
